3194 4937
210 94 181 33 THURSDAY.
400 90 151 38 /AMASS
561 94 19 19 I.

164 175 90 27 TRICE
265 174 39 22 OF
311 168 116 26 STOCKS
435 159 191 30 YESTERDAY.

63 233 21 40 Pe
84 233 11 40 r

102 222 22 22 C.
133 208 14 33 R
148 208 14 33 e
162 208 31 33 d.
193 208 104 33 6111.11
413 201 65 28 Long
488 202 57 20 Ana.
555 198 27 22 18
594 194 50 32 1-0
644 194 18 32 1

63 260 32 24 per
102 252 22 21 C.
135 244 59 25 ConL
203 243 46 21 (hut
415 234 66 19 Short
491 230 47 22 Dirt
547 234 12 20 3
573 226 59 58 73-13
644 226 12 58 f

57 288 38 24 Irr
103 279 24 20 C.
135 273 60 26 Cony
206 267 43 30 781
259 273 26 22 79
295 262 20 33 7
315 262 21 33 4
415 261 57 26 Imp.
481 265 12 21 3
503 265 37 21 per
550 256 63 21 Cent.
621 249 61 32 60f,}

57 283 1 57 i
65 317 31 22 per
105 307 22 21 C.
137 305 63 22 Navy
208 299 46 22 (hut
416 289 56 27 Imp.
480 288 60 20 Ann.
548 283 43 28 tel

57 340 43 26 ID:ttu
109 332 87 28 Loy.fty
204 309 76 57 941
305 309 26 57 i
356 309 126 57 Conf.
490 317 31 20 for
531 314 46 28 Jan.
587 309 44 30 62/

57 378 39 19 Sew
104 366 86 26 Ytaz's
200 358 128 28 DAr..—No
335 354 92 25 Wanda
435 353 58 22 done
501 357 22 15 at
531 351 35 20 the
578 347 64 22 Stock
650 345 115 26 Exchange

76 442 53 27 The
142 432 93 33 Britifh
248 428 161 31 Parliament
426 420 159 31 terminated
598 418 34 27 its
651 416 119 27 .2iflence

63 483 113 32 efterday.
214 474 53 28 His
288 469 161 33 Mayssrr's
472 462 99 38 Speech
587 470 35 18 on
635 461 46 27 the
694 468 61 18 occa-

59 537 35 19 ,on
105 528 19 25 is
135 523 78 37 given
223 514 27 31 in
262 515 34 27 its
306 520 97 30 proper
416 508 86 37 place.
533 506 60 26 The
608 502 162 30 Parliament

63 573 11 27 f
78 572 38 26 the
126 560 99 32 United
236 556 137 37 Kingdom
385 557 86 22 meets
483 559 35 17 on
530 548 44 27 the
589 547 53 26 22d
656 546 104 26 instant.

77 611 59 28 This
148 607 53 31 day
214 602 45 27 the
278 599 66 28 Park
356 595 54 28 and
423 593 100 28 Tower
534 599 70 28 guns
617 598 71 17 were
707 587 65 26 fired

57 669 13 17 !I
80 656 97 27 honour
188 644 34 28 of
229 644 45 27 the
287 640 230 28 commencement
529 633 32 27 of
569 633 45 27 the
627 632 46 26 UN
680 640 6 17 I
692 639 45 18 ON.
739 644 35 6 —

89 707 11 17 e
110 700 54 22 new
178 684 132 32 Standard
322 690 54 19 was
389 678 104 30 hoifted
506 686 33 17 on
552 676 45 27 the
611 673 124 28 occasion
748 673 26 25 in

50 742 39 31 the
100 735 72 32 Park,
190 729 116 37 oppoftte
319 724 44 28 the
376 723 90 27 Horfe
477 720 117 28 Guards.

80 782 45 26 Nry,
137 776 50 27 this
204 772 54 33 day
276 767 74 30 infert
369 776 18 18 a
403 767 81 33 Copy
502 762 33 28 of
547 762 46 27 the
613 758 102 37 Speech
731 758 30 27 de-

50 823 87 35 livered
148 822 34 31 by
195 817 45 27 the
253 809 159 31 PittsthEnt
431 807 34 27 of
478 806 45 28 the
536 807 117 26 UNITED
669 803 109 26 STATE'

50 879 32 20 on
89 867 38 27 the
135 860 115 38 opening
259 855 32 27 of
298 854 44 27 the
350 850 133 38 Congrefs
493 855 28 21 at
531 847 189 35 Wafhington,
733 853 31 19 et-

51 901 90 40 traded
152 905 70 26 from
235 899 44 27 the
291 894 110 30 Federal
410 893 118 27 Gazette
540 891 33 27 of
587 889 45 27 the
646 887 65 35 24th
724 887 38 27 No-

53 952 104 30 vember,
169 943 65 30 with
246 938 85 30 which
343 946 40 18 we
400 944 72 19 were
489 933 135 35 yefterday
637 931 142 26 favoured.

53 996 52 30 The
117 990 156 28 PRESIDENT
291 981 53 28 had
361 985 48 22 not
428 974 122 31 received
562 977 44 26 the
619 973 99 28 official
737 983 28 18 ac-

53 1042 72 26 count
135 1032 31 28 of
174 1031 44 26 the
229 1026 100 32 Treaty
340 1022 66 27 with
422 1023 112 28 France,
542 1029 30 18 as
583 1026 112 27 appears
709 1016 71 27 from

56 1081 64 30 what
130 1077 31 26 he
174 1075 56 32 fays
241 1078 34 18 on
287 1062 44 32 the
343 1065 98 35 ftibjea
454 1063 33 27 of
497 1063 43 26 the
552 1061 181 38 negotiation.

84 1122 56 28 The
151 1117 97 34 difpute
260 1113 118 26 between
392 1108 46 27 the
459 1107 91 27 Hbufe
563 1106 33 27 of
606 1103 159 35 Reprefenta-

56 1167 61 28 tives
128 1161 48 30 and
190 1160 100 26 Senate,
309 1153 27 30 in
348 1153 45 26 the
407 1148 151 31 Provincial
572 1147 169 38 Legiflature
754 1144 33 28 of

54 1202 185 37 Pennfylvania,
254 1196 48 28 Hill
314 1194 145 28 continued
478 1193 27 26 fo
519 1192 53 27 late
592 1200 30 18 as
639 1189 46 28 the
702 1188 63 27 18th
774 1199 9 20 ;

56 1251 50 28 and
116 1251 19 24 it
145 1247 78 26 feems
235 1238 124 39 probable
372 1238 61 26 that
448 1237 52 27 this
513 1235 73 27 State
598 1232 56 27 will
665 1232 70 26 have
746 1239 35 18 no

54 1298 54 24 vote
122 1291 24 25 in
156 1289 43 26 the
208 1284 89 27 choice
306 1280 31 28 of
346 1280 137 27 Prefident
493 1278 53 26 and
559 1273 222 30 Vice-Prefident.

86 1336 54 27 The
152 1325 161 37 Hamburgh
326 1323 66 28 Mail
405 1323 53 27 due
474 1320 135 35 yefterday
617 1317 107 30 arrived
731 1316 52 30 this

48 1361 1 51 I
56 1377 118 34 morning.
211 1370 59 27 The
285 1372 124 21 accounts
430 1365 73 27 from
516 1363 139 33 Germany
669 1361 115 27 confirm

53 1422 41 30 the
102 1422 118 25 accounts
229 1413 27 27 In
263 1411 43 28 the
313 1409 46 28 salt
366 1407 105 28 French
482 1415 103 27 papers,
594 1406 30 27 of
630 1404 45 28 the
680 1402 102 28 French

56 1465 90 33 having
157 1455 90 31 forced
260 1454 44 27 the
315 1452 143 27 Anftrians
472 1457 28 19 to
514 1449 123 27 abandon
650 1447 30 27 th
737 1454 31 27 po-

58 1508 66 27 fition
136 1512 32 18 on
181 1500 45 28 the
239 1499 67 26 river
319 1494 59 28 Inn.
418 1492 157 37 Refpeaing
583 1491 78 27 other
669 1489 104 35 particu-

56 1551 53 28 lars,
125 1547 60 32 they
198 1544 34 26 do
244 1547 48 22 not
305 1547 73 19 come
392 1538 83 26 down
487 1535 28 28 fo
526 1534 54 28 late
591 1543 28 19 as
628 1532 46 28 the
683 1531 103 28 French

57 1597 123 25 accounts.

89 1636 22 25 It
122 1633 20 26 is
154 1628 144 38 confitpted
311 1625 58 27 that
381 1623 46 28 the
441 1619 150 30 Archduke
608 1619 139 28 CHARLIE
767 1616 21 28 is

57 1677 72 38 again
141 1682 26 20 to
180 1672 61 28 take
254 1670 44 27 the
307 1664 145 32 Coinmand
465 1664 32 27 of
502 1664 43 27 the
555 1662 129 28 Auftrian
693 1662 93 30 forces.

89 1720 24 27 It
124 1720 19 25 is
155 1714 109 30 alerted
275 1720 28 20 at
314 1710 112 30 Vienna,
446 1708 59 26 that
519 1715 48 19 our
580 1706 120 27 Minifier
712 1703 76 27 Lord

57 1760 37 32 MI
98 1770 50 18 NTO
154 1759 58 31 has,
219 1759 37 32 by
262 1755 87 27 orders
356 1753 72 27 from
436 1750 46 28 the
493 1750 83 27 Court
585 1748 32 27 of
626 1744 163 37 StJames's;

57 1804 107 32 releafed
176 1801 45 27 the
233 1799 84 27 Court
330 1795 31 27 of
369 1795 106 26 Vienna
487 1792 70 27 from
574 1792 37 26 all
630 1792 33 26 its
676 1799 111 26 engage.

56 1853 89 24 menu,
161 1844 25 26 if
193 1844 22 26 it
227 1838 91 32 fhould
330 1840 32 26 be
373 1837 90 27 found
475 1833 130 37 neceffary
617 1840 30 21 to
659 1832 130 28 conclude

56 1899 15 19 a
81 1890 111 33 feparate
203 1893 87 28 peace.

89 1931 27 28 If
125 1931 43 27 the
181 1929 123 30 fituation
315 1922 31 32 of
352 1924 45 28 the
411 1923 92 27 affairs
515 1920 32 28 of
554 1929 50 20 our
617 1918 70 37 Ally
698 1924 30 22 at
744 1919 45 26 the

56 1975 59 30 time
128 1975 70 27 thefe
210 1970 158 30 inftrualons
379 1975 72 19 were
463 1965 56 28 tent
539 1964 46 31 off,
602 1971 56 18 was
679 1962 65 31 fuch
761 1970 28 18 as

56 2023 26 24 to
92 2017 94 28 render
198 2015 52 30 this
262 2010 137 31 advifable,
418 2009 47 28 the
474 2014 91 21 events
573 2007 59 27 that
639 2006 70 28 have
722 2004 67 27 fine

58 2061 73 27 taken
142 2059 77 35 place
235 2057 69 27 Teem
315 2061 27 20 to
354 2053 78 27 Make
445 2053 21 26 it
480 2048 188 38 indifpenfible.

72 2111 85 25 FROM
165 2108 66 22 THE
240 2105 118 25 VIENNA
369 2102 111 25 COURT
494 2100 157 25 GAZETTE,
664 2099 71 21 DEC.
743 2102 11 22 x
754 2102 20 22 7.

126 2153 51 27 His
189 2151 87 34 Royal
289 2146 133 39 Highnefs
431 2146 46 28 the
490 2144 146 28 Archduke
644 2144 148 30 CHARLES,

59 2198 73 35 being
141 2193 143 30 recovered
295 2193 67 26 from
374 2190 41 27 his
424 2189 188 34 indifpofition,
624 2176 89 38 which
719 2185 73 27 tome

60 2242 56 26 time
129 2249 51 26 ago
189 2236 109 35 obliged
314 2235 54 27 him
390 2241 31 20 to
439 2232 60 35 quit
520 2230 45 28 the
578 2238 86 26 army,
683 2229 41 26 his
738 2229 37 26 Im-

60 2282 74 37 perial
146 2281 111 34 Majetty
270 2280 48 26 has
326 2278 66 26 been
405 2275 106 37 pleafed
521 2274 78 37 again
612 2280 31 20 to
656 2271 91 27 confer
756 2280 35 17 on

63 2326 34 27 his
106 2323 81 35 Royal
203 2320 135 39 Highnefs
350 2320 45 27 the
415 2317 146 30 command
569 2315 33 27 of
611 2314 45 28 the
669 2322 78 26 army
765 2314 27 26 in

63 2367 136 32 Germany.
239 2365 52 27 His
314 2361 87 35 Royal
420 2357 136 39 Highnefs
568 2359 104 33 quitted
687 2357 105 34 Prague

63 2418 32 20 on
106 2409 38 26 the
164 2407 61 37 14th
252 2406 57 27 inft.
328 2412 27 20 to
369 2405 61 26 take
444 2412 73 26 upon
534 2399 107 30 himfelf
650 2399 60 27 that
722 2407 53 18 com-

63 2456 72 24 mand
145 2461 7 21 ;
171 2452 50 25 but
236 2451 22 26 is
275 2447 128 31 refolved,
422 2453 31 21 at
464 2445 45 27 the
521 2445 70 27 fame
612 2444 77 30 time,
707 2448 30 21 to
755 2451 26 18 re-

66 2494 47 27 tain
122 2493 40 27 the
174 2492 76 28 chief
263 2490 143 30 command
419 2490 33 26 of
461 2489 45 27 the
520 2485 274 30 Bohemo-Moravian

67 2536 99 35 Legion,
195 2536 56 26 and
273 2535 48 27 has
339 2531 150 37 previoufly
506 2529 144 37 appointed
676 2528 118 27 General

66 2581 76 26 Count
154 2580 93 26 Szvaa
252 2587 53 18 RAT
319 2583 27 19 to
356 2575 45 27 the
411 2574 146 27 command
569 2571 32 27 of
609 2571 60 27 that
679 2569 122 38 Legion.'

128 2622 52 26 His
195 2620 90 34 Royal
298 2619 133 35 Highnefs
441 2616 46 28 the
500 2614 146 28 Archduke
660 2614 73 33 Jou*
748 2613 47 27 has

66 2662 44 28 fent
122 2669 112 30 reports,
252 2662 80 27 dated
341 2660 44 27 the
398 2660 60 34 9th,
481 2659 71 30 loth,
573 2656 71 31 11th,
663 2656 54 26 and
733 2655 61 27 12th

67 2706 90 32 ;giant,
188 2704 73 27 from
282 2699 48 32 'the
350 2698 203 38 head-quarters
576 2706 28 20 at
633 2696 162 37 Frofburgh,

67 2747 172 32 Theifendorf,
259 2747 52 27 and
324 2744 152 38 Salzburgh
488 2753 7 17 :
513 2743 144 34 according
666 2746 28 21 to
707 2739 87 28 which

67 2791 35 26 the
115 2792 48 26 line
172 2791 33 27 of
213 2790 46 28 the
268 2798 76 26 corps
353 2789 32 27 of
394 2789 94 26 Prince
500 2786 92 27 CONDE
604 2793 56 18 was
671 2784 125 26 attacked

67 2835 28 33 by
109 2835 39 26 the
161 2842 98 26 enemy
270 2841 34 19 on
312 2831 44 27 the
369 2830 59 37 9th,
438 2830 28 26 in
480 2829 43 27 the
535 2826 222 38 neighbourhood
768 2824 33 28 of

69 2876 159 35 Neubayern,
246 2875 61 27 who
331 2871 189 37 overpowered
539 2871 45 26 the
600 2869 57 37 poft
677 2868 33 27 of
728 2868 53 27 Nen-

67 2920 98 33 bayern,
184 2920 54 27 and
252 2919 60 27 thus
324 2915 139 30 advanced
472 2921 28 20 to
510 2914 44 26 the
572 2913 72 37 right
667 2911 85 27 banks
769 2910 32 27 of

67 2961 39 27 the
119 2959 248 39 Inn.—Agreeably
383 2966 31 20 to
436 2957 47 28 the
497 2956 148 27 fiatements
656 2955 56 27 Pent
724 2955 27 26 in
769 2960 30 20 at

69 3005 38 26 the
118 3006 66 26 fame
204 3005 76 31 time,
298 3005 35 33 by
353 3002 41 26 his
418 2999 90 35 Royal
529 2999 144 37 Highnefs,
691 2996 45 27 the
748 2996 52 27 lofs

69 3047 28 26 of
118 3047 38 26 his
180 3057 89 25 army,
304 3045 66 27 fence
392 3044 48 27 the
465 3041 113 28 renewal
601 3040 34 28 of
653 3039 145 31 hoftilities,

69 3097 116 20 amounts
191 3097 31 19 to
231 3090 53 34 918
294 3097 60 19 men
363 3089 27 26 in
402 3086 84 27 killed
497 3097 7 20 ;
522 3085 53 27 and
591 3091 71 28 3514
673 3084 27 26 in
709 3090 73 19 woun-

67 3132 47 27 ded
123 3143 6 20 ;
146 3133 45 26 the
198 3132 113 27 number
324 3129 32 28 of
360 3130 132 35 prifoners
504 3128 53 27 and
563 3125 117 38 miffing,
698 3125 56 27 had
771 3131 28 20 at

69 3175 47 26 tuft
123 3175 64 27 been
201 3175 84 27 Rated
296 3181 27 20 at
335 3174 71 34 5396
419 3181 64 19 men
497 3181 8 22 ;
522 3171 57 30 but,
589 3180 28 18 as
630 3169 33 27 of
666 3168 45 28 the
720 3168 79 27 latter

69 3224 76 26 many
152 3217 69 27 have
231 3217 66 27 fine
307 3216 91 35 joined
405 3215 72 27 their
484 3223 74 26 corps
572 3214 90 35 again,
676 3211 44 27 the
728 3213 72 27 era&

69 3260 107 26 number
188 3260 33 26 of
233 3260 128 35 &Women
371 3263 110 22 cannot•
494 3266 28 17 as
535 3262 43 28 yet
589 3256 33 26 be
635 3254 84 27 Rated
737 3253 64 27 with

69 3302 136 33 certainty.

103 3347 19 14 a
141 3344 81 26 From
231 3343 80 35 Italy,
328 3343 45 28 the
394 3340 120 31 General
527 3340 32 28 of
566 3339 129 35 Cavalry,
713 3340 91 26 Count

72 3384 197 33 BILLIGARDI,
280 3394 110 26 reports,
406 3386 89 27 under
506 3385 44 26 the
560 3384 46 27 6th
619 3384 56 26 and
686 3384 47 33 9th
748 3381 57 27 inft.

71 3426 60 28 that
138 3436 35 19 on
185 3428 45 27 the
243 3428 45 34 4th
298 3429 44 27 the
353 3436 97 27 enemy
470 3429 54 26 had
536 3426 139 28 advanced
687 3428 35 32 by
744 3425 61 26 four

74 3468 122 28 different
217 3471 78 27 roads
311 3472 98 34 againft
422 3471 45 28 the
488 3470 111 37 volition
622 3475 28 21 at
669 3469 138 30 Bondeno,

76 3514 128 33 occupied
224 3514 35 33 by
281 3514 112 27 General
412 3514 139 30 Schuftck,
568 3513 91 27 whom
684 3510 64 35 they
769 3517 26 20 at-

76 3554 93 27 tacked
193 3553 66 31 with
285 3557 78 26 much
385 3559 118 35 vigour;
527 3556 48 26 but
594 3553 214 30 Lieut.-Colonel

78 3595 159 37 Munkatzy,
255 3599 126 27 Rationed
403 3600 77 27 there
491 3599 63 26 with
567 3599 70 26 fome
657 3604 93 27 troops
767 3595 43 27 for

81 3638 39 27 the
131 3639 107 37 fupport
249 3641 32 27 of
288 3641 43 28 the
343 3643 112 31 former,
474 3640 143 37 employed
628 3639 73 28 them
712 3640 27 25 fo
752 3638 47 27 skil-

81 3679 71 37 fully,
170 3683 58 27 that
239 3684 44 27 the
291 3694 91 25 enemy
396 3694 56 19 was
467 3684 119 35 repulfed
598 3693 7 22 ;
624 3691 35 19 on
666 3681 89 28 which
767 3690 31 19 oc-

83 3723 81 28 cafion
184 3735 15 18 a
221 3728 83 27 Chief
320 3728 32 27 of
369 3728 149 31 Battalion,
536 3736 14 25 7
569 3725 122 31 Officers,
709 3725 56 26 and
777 3725 34 25 to

85 3769 248 27 non.commiffioned
345 3771 104 25 officers
455 3769 54 26 and
519 3769 124 34 privates,
653 3776 69 18 were
732 3767 79 27 made

83 3808 135 34 prifoners;
236 3813 53 26 and
301 3819 53 21 two
367 3811 99 31 veffels,
487 3811 126 27 onboard
625 3810 33 27 of
669 3809 85 27 which
767 3808 46 27 the

81 3853 87 30 enemy
177 3853 53 25 had
243 3855 148 33 attempted
411 3860 31 20 to
455 3854 71 26 crofs
537 3853 44 27 the
599 3853 107 26 Panaro
718 3852 65 26 with
797 3860 15 18 a

80 3889 104 30 divifion
196 3893 33 26 of
237 3901 99 30 troops,
353 3904 70 18 were
441 3894 89 27 taken.
567 3894 41 27 Of
617 3894 45 26 the
671 3892 77 28 other
756 3892 43 27 hof-

81 3931 43 27 tile
135 3940 89 30 troops
235 3937 60 27 that
314 3938 53 26 had
385 3938 141 26 advanced
544 3937 43 27 for
604 3937 141 35 attacking
756 3935 61 27 that

81 3976 113 34 pofition,
219 3987 50 19 too
279 3989 66 19 were
358 3980 91 35 partly
462 3979 90 32 killed,
569 3979 90 35 partly
672 3978 143 31 wounded,

81 4024 32 19 on
123 4018 64 28 their
200 4020 87 38 fight.
324 4023 58 26 Our
394 4031 63 18 own
469 4023 51 26 loft
531 4029 54 20 was
598 4022 216 27 inconfiderable.

81 4063 41 28 On
135 4065 43 28 the
196 4068 59 32 6th,
272 4068 46 28 the
333 4070 54 27 Paid
407 4069 118 28 General
546 4069 128 27 Schußck
685 4068 130 28 extended

81 4104 38 28 his
135 4116 46 20 out
193 4111 71 33 pofts
283 4113 79 35 along
376 4113 45 26 the
445 4113 113 31 Panara,
576 4122 28 18 as
617 4111 43 27 far
678 4120 30 18 as
720 4113 39 26 St.
775 4111 28 27 Bi-

81 4159 72 22 anca,
171 4154 54 26 and
235 4153 81 38 along
324 4154 44 27 the
384 4155 90 27 Recco
488 4155 53 26 and
554 4154 38 27 Po
601 4155 27 26 di
644 4154 132 32 Primer°,
788 4162 30 18 as

81 4194 39 27 far
131 4207 27 17 As
171 4199 126 38 Argent()
306 4202 52 26 and
372 4201 98 27 Bailie.
508 4202 44 26 On
565 4201 52 27 this
626 4200 133 31 occafion,
772 4199 45 30 the

81 4243 113 32 enemy's
208 4244 57 33 poll
278 4252 63 18 near
353 4244 51 26 Col
417 4244 30 26 di
461 4244 92 26 Fiume
565 4253 53 18 was
637 4243 126 27 attacked
782 4243 37 33 by

80 4280 111 35 Captain
206 4284 157 33 Herdlizka,
381 4287 87 26 under
482 4286 44 27 the
539 4287 126 26 direCtion
679 4284 33 28 of
718 4284 102 27 Lieut.-

79 4323 109 28 Colonel
200 4323 122 37 Graffen,
335 4329 76 26 when
422 4336 58 20 two
489 4329 137 34 Captains,
639 4336 56 19 two
707 4328 112 27 Officer,

80 4368 53 26 and
146 4377 13 18 x
167 4378 8 17 t
191 4372 117 33 privates
318 4382 66 19 were
394 4375 80 26 made
488 4374 138 34 prifoners,
644 4372 56 26 and
716 4371 45 27 the
771 4365 12 32 r
783 4365 35 32 oll

81 4407 78 32 killed
170 4422 7 20 ;
197 4421 30 26 Is
241 4414 89 28 veld'
340 4426 66 18 were
420 4416 56 27 alfo
491 4416 76 27 taken
579 4415 70 27 from
657 4415 45 26 the
716 4423 32 18 en
750 4423 13 17 e
764 4422 57 25 my,

81 4453 52 26 and
154 4457 138 33 conveyed
311 4465 27 20 to
363 4467 51 19 our
436 4459 83 27 !bore.
555 4459 61 26 The
637 4466 105 26 enemy,
761 4455 63 27 who

81 4492 53 30 bad
144 4498 151 37 conflantly
313 4500 54 27 tent
389 4501 132 37 foraging
531 4502 97 33 parties
637 4500 72 26 from
722 4499 45 27 the
780 4507 31 19 en-

83 4538 89 27 virons
193 4541 33 26 of
235 4541 132 28 Mercaria
385 4551 30 19 to
428 4544 54 26 this
496 4544 51 26 fide
560 4544 32 26 of
608 4544 45 26 the
669 4543 93 35 Oglio,
781 4541 44 26 for

81 4579 85 30 which
200 4585 112 34 purpofe
339 4585 64 35 they
435 4587 129 33 occupied
591 4585 161 35 Ofpitaletto
771 4584 53 27 and

80 4620 175 38 Campitello,
272 4636 78 24 were,
369 4636 28 20 at
416 4636 50 19 ttie
480 4629 69 26 fame
569 4629 74 30 time,
663 4628 125 27 attacked
800 4626 26 26 in

81 4662 66 31 both
161 4668 71 27 thefe
241 4669 87 34 places
345 4672 34 33 by
390 4681 19 17 a
420 4671 111 27 divifion
544 4671 56 27 fent
617 4670 71 27 from
702 4670 124 33 Mantua,

84 4707 38 35 by
133 4708 46 32 the
191 4710 200 33 Cemmandaot
413 4714 33 28 of
462 4714 59 39 that
540 4714 65 35 city,
624 4707 204 35 Field-Marna'

847 72 11 1 .
930 72 5 8 ,

801 79 161 31 Lientehant
986 81 118 28 Mimes,'
1130 83 25 33 i,
1172 79 52 33 ind
1248 83 93 31 drlien
1361 84 71 28 from
1457 83 71 30 them

801 124 64 30 with
873 136 17 18 a
896 125 178 30 conlideralge
1083 125 50 30 lots
1141 128 27 28 in
1175 128 80 28 killed
1265 129 54 27 and
1326 128 141 33 wounded,
1478 129 52 27 and

801 162 70 27 fome

1243 206 118 25 Vllllll/1.,
1378 207 60 19 DIC.
1456 206 39 25 17.

839 237 69 28 TwO
919 239 69 35 days
1004 248 56 28 ago
1075 236 44 31 the
1131 240 107 39 Englith
1251 240 189 33 Ambaifadsir,
1457 236 74 32 Lord

806 281 105 32 Muir°,
928 282 123 28 received
1068 283 143 34 difpatches
1228 283 72 28 from
1322 285 125 31 London,
1463 285 35 33 by
1517 292 17 19 a

803 325 110 32 courier,
931 334 77 26 upon
1018 325 87 27 which
1121 326 34 28 he
1172 326 56 30 had
1244 337 18 18 a
1272 326 69 38 long
1352 325 181 30 converfation

804 369 60 26 with
879 377 51 18 our
940 367 123 30 bEnifter
1074 367 32 28 of
1114 370 81 27 State.
1232 370 79 27 Since
1322 370 60 31 that
1394 370 65 27 time
1475 370 21 26 it
1513 369 22 27 is

804 411 131 34 reported,
948 410 60 28 that
1020 410 46 28 the
1077 411 83 28 Court
1172 411 33 28 of
1220 411 119 28 London
1356 411 57 28 had
1423 411 112 27 releafed

804 463 48 18 our
865 455 85 26 Court
969 452 72 28 from
1057 454 37 27 all
1106 455 168 37 Obligations,
1291 455 28 27 in
1331 455 57 27 cafe
1404 455 33 26 of
1444 462 34 19 an
1491 462 31 28 op-

807 497 135 34 portunity
958 495 120 39 offering
1088 496 71 28 itfelf
1165 496 44 28 for
1218 496 164 38 concluding
1390 507 18 18 a
1419 497 117 35 feparate

806 549 78 25 peace
896 540 63 26 with
974 540 159 38 advantage.
1170 540 103 27 Should
1285 540 53 27 this
1349 540 33 27 be
1394 549 19 17 a
1423 540 61 31 fait,
1495 547 41 19 we

807 592 61 26 may
878 582 80 35 hope,
976 582 24 26 if
1013 589 48 20 not
1077 581 41 28 for
1131 593 15 17 a
1162 582 106 37 general
1287 583 92 30 Peace,
1401 589 44 27 yet
1462 581 41 27 for
1520 592 17 15 a

807 626 84 26 Peace
911 626 119 26 between
1054 626 97 26 France
1169 626 51 25 and
1240 625 118 27 Aufiria.
1396 625 80 26 After
1494 625 44 26 the

806 669 81 27 battle
898 669 32 26 of
938 667 200 31 Hohenlinden,
1156 667 116 28 General
1289 667 65 28 MOR
1361 677 52 18 Eau
1434 669 54 26 fent
1505 665 38 28 an'

807 711 89 27 officer
907 717 28 20 to
948 711 45 27 the
1006 710 145 27 Archduke
1162 711 81 33 Jour+,
1257 717 30 20 to
1298 711 67 26 offer
1378 711 91 31 Peace,
1487 710 53 26 and

808 762 27 19 to
859 754 104 27 declare
985 755 61 26 tLat
1064 755 32 26 he
1115 763 53 18 was
1189 754 151 27 authorifed
1367 755 34 33 by
1424 754 40 26 his
1483 754 59 33 Go-,

809 803 146 24 vcrnment,
974 796 41 27 till
1038 796 32 27 he
1090 796 89 26 fhould
1191 796 85 26 arrive
1290 803 28 19 at
1332 796 79 31 Linz,
1428 797 47 25 but
1494 801 47 20 not

808 840 67 27 after
888 840 45 26 the
945 840 104 26 French
1061 848 74 25 army
1142 840 53 26 had
1202 840 138 26 advanced
1349 840 104 33 beyond
1462 839 78 27 Linz.

844 882 59 26 The
924 880 202 35 Prince-Bithop
1142 881 32 26 of
1192 880 136 38 Salzburg
1352 881 104 26 arrived
1479 881 63 26 here

813 925 143 34 yeflerday,
976 925 65 26 with
1058 933 17 18 a
1091 932 142 19 numerous
1245 925 74 26 fuite.
1358 924 83 33 Many
1454 922 32 27 of
1499 924 44 26 the

811 967 162 28 inhabitants
986 967 34 27 of
1028 966 45 30 the
1084 966 126 35 bilhoprie
1224 965 32 28 of
1265 966 135 37 Salzburg
1411 966 66 27 have
1491 966 52 26 alfo

811 1011 105 27 arrived
925 1010 73 28 here.

846 1108 84 27 Their
941 1107 174 34 MAJESTIES,
1131 1108 53 26 and
1208 1107 45 27 the
1274 1107 139 27 Prineeffes
1427 1106 70 28 Auo
1501 1115 45 18 us-

813 1153 46 21 TA,
878 1144 183 30 ELIZABETH,
1080 1143 112 30 SOPHIA,
1211 1142 100 31 MARY,
1336 1142 54 26 and
1415 1141 129 32 AMELIA,

813 1188 74 18 came
899 1186 30 20 to
939 1186 76 19 town
1028 1178 133 35 yefterday
1172 1178 71 31 from
1253 1178 135 26 Windfor.

847 1213 53 27 His
913 1214 149 31 MAJEvry,
1071 1221 34 18 on
1115 1213 126 32 arriving,
1253 1218 71 20 went
1336 1218 30 20 to
1380 1212 39 26 St.
1427 1212 119 32 James's,

813 1250 52 26 and
878 1253 69 31 gate
959 1250 128 26 audience
1104 1254 28 20 to
1154 1247 44 27 the
1209 1245 115 28 Cabinet
1337 1245 139 32 Minifterc,
1494 1246 52 26 and

813 1291 27 20 at
850 1284 73 26 three
937 1284 105 26 o'clock
1054 1290 70 20 went
1131 1283 27 27 in
1169 1283 60 26 nate
1239 1289 30 20 to
1276 1281 46 27 the
1329 1280 93 28 Houle
1434 1280 31 27 of
1472 1281 76 26 Peers

813 1328 28 19 to
853 1318 67 28 dofe
933 1318 45 27 the
991 1318 103 34 prefent
1107 1317 104 27 Seffion.

848 1355 115 35 Among
979 1352 46 28 the
1038 1352 125 37 dignified
1178 1351 162 37 Perfonages
1350 1350 102 35 prefent
1465 1351 26 26 in
1502 1350 44 27 the

815 1389 100 31 Houfe,
928 1398 69 17 werc
1010 1388 70 27 their
1093 1388 85 33 Royal
1188 1387 159 37 Highneires
1359 1387 44 26 the
1416 1387 92 26 Dukes
1520 1385 31 26 of
1550 1385 1 38 ,

815 1426 90 28 YORK,
917 1424 96 31 KENT,
1022 1424 53 28 and
1084 1423 207 30 CUMBERLAND,
1303 1422 41 25 his
1354 1422 93 25 Serene
1460 1420 72 38 High-

815 1460 56 26 nefs
891 1460 44 26 the
952 1459 96 27 Prince
1071 1459 32 27 of
1117 1459 131 28 ORANGE,
1266 1457 45 26 the
1333 1455 167 34 Archbifhop
1519 1455 31 25 of

814 1495 210 30 CANTERBURY,
1042 1493 45 27 the
1103 1492 105 35 Bilhops
1219 1492 33 26 of
1265 1492 117 26 LONDON
1396 1492 54 26 and
1461 1492 89 26 Cuss..

817 1539 64 21 TER,
899 1530 45 27 the
952 1530 132 34 Algerine
1093 1528 52 27 and
1159 1526 115 28 Swedifh
1287 1525 200 32 Ambaffadors,
1504 1526 46 26 the

816 1565 80 27 Duke
909 1564 32 27 of
951 1564 163 30 PORTLAND,
1133 1563 78 27 Earls
1222 1563 138 30 SPENCER,
1378 1561 171 30 LEICESTER,

817 1600 246 26 WESTMOIRELAND
1097 1597 193 34 MACARTNIY,
1315 1597 128 26 Vifcount
1459 1596 92 31 HOOD,

819 1636 74 26 Lord
906 1635 129 31 NELSON,
1048 1633 74 27 Lord
1135 1633 132 31 GWYDIR,
1279 1632 56 26 and
1348 1630 98 28 Meffrs.
1455 1631 96 26 WIND.

822 1680 59 17 HAM
904 1670 57 26 and-
969 1669 133 27 DIJNDAS.
1299 1695 7 1 _
1365 1695 9 1 _
1387 1695 11 1 _

854 1704 83 30 After
948 1703 46 28 the
1013 1703 112 28 bufmefi
1135 1711 56 19 was
1207 1711 74 22 over,
1298 1701 43 27 his
1365 1701 136 33 MAJESTY
1514 1709 26 18 re-

819 1740 98 28 turned
927 1747 30 19 to
969 1739 46 27 the
1028 1740 117 37 Queen's
1159 1739 98 26 Houk.

854 1775 59 27 The
925 1774 143 37 fpedators
1089 1774 60 26 who
1168 1772 141 27 affembled
1322 1773 28 26 in
1361 1770 45 28 the
1419 1772 69 26 Park
1499 1770 53 27 and

819 1818 116 20 avenues
948 1818 71 19 were
1032 1808 207 35 comparatively
1251 1807 52 26 few
1315 1807 28 26 in
1351 1807 120 26 number.

854 1845 51 27 All
917 1844 46 28 the
974 1844 130 28 branches
1127 1844 32 26 of
1176 1844 43 26 the
1244 1843 100 26 ROYAL
1359 1843 112 26 FAMILY
1485 1850 69 18 were

820 1881 98 26 invited
931 1880 139 35 yefterday
1081 1885 28 20 to
1122 1879 59 26 dine
1193 1877 64 28 with
1270 1877 70 28 their
1351 1877 162 33 MAJESTISS
1527 1883 28 20 at

819 1916 46 27 the
876 1916 119 41 Queen's
1013 1915 100 27 Houfe.

855 1950 67 28 This
945 1949 83 38 being
1041 1949 167 27 New-Year's
1230 1949 77 34 Day,
1324 1957 18 18 a
1364 1945 113 30 Council
1501 1955 54 18 was

819 1988 63 26 held
888 1994 28 19 at
927 1987 39 26 St.
980 1987 112 33 James's
1104 1984 41 26 for
1153 1985 39 26 his
1202 1983 138 33 MAJESTY
1354 1982 54 27 and
1416 1981 44 28 the
1470 1982 64 26 Mem-

820 2024 58 25 bers
891 2020 33 27 of
931 2020 45 27 the
990 2020 81 34 Privy
1083 2020 111 27 Council
1206 2026 28 20 to
1247 2020 96 33 infpet
1352 2019 45 26 the
1407 2017 85 27 Arms
1504 2016 52 27 and

822 2057 80 30 Seals,
907 2056 102 27 altered
1017 2065 35 18 on
1061 2061 111 21 account
1179 2054 32 26 of
1214 2054 44 26 the
1264 2054 45 26 Um
1316 2062 45 18 tow
1371 2053 65 26 with
1442 2053 113 26 Ireland.

855 2092 43 26 At
908 2092 45 26 the
961 2092 74 26 Corn
1044 2091 142 40 Exchange
1195 2089 145 34 yefterday,
1352 2088 85 34 prime
1446 2087 112 34 (ample:

820 2127 32 27 of
860 2127 89 26 wheat
964 2126 65 40 kept
1050 2134 37 27 up
1098 2125 67 27 their
1178 2125 84 34 prices
1272 2134 8 21 ;
1299 2125 54 26 and
1370 2122 107 27 inferior
1488 2131 69 18 were

820 2171 37 19 on
876 2161 44 28 the
939 2160 112 28 decline.
1087 2159 59 27 The
1167 2159 104 27 market
1283 2167 57 18 was
1354 2159 50 25 but
1416 2157 85 34 thinly
1519 2164 27 20 at-

821 2197 96 28 tended
926 2207 8 21 ;
953 2197 52 26 fine
1018 2196 69 27 flour
1097 2194 135 28 continues
1245 2203 30 18 as
1283 2203 35 18 on
1329 2193 130 33 Monday.

857 2233 59 26 The
935 2230 149 37 difpatches
1111 2229 117 27 received
1256 2229 37 34 by
1322 2229 182 26 Government
1524 2236 35 17 on

822 2268 125 33 Tuefday
960 2275 139 19 announce
1123 2264 43 27 the
1191 2264 164 34 refumption
1372 2262 31 27 of
1419 2262 46 27 the
1482 2261 81 27 Chief

822 2301 154 30 Command
1000 2301 33 27 of
1050 2301 44 26 the
1115 2298 125 35 Imperial
1253 2300 91 33 Army
1361 2298 35 32 by
1408 2297 44 26 the
1472 2296 71 27 Arch-

823 2339 69 26 duke
905 2337 148 28 Cnaittas,
1069 2334 60 27 who
1142 2343 54 18 was
1217 2340 28 20 to
1270 2334 78 34 place
1358 2331 107 28 himfeif
1474 2337 28 21 at
1514 2331 45 27 the

823 2373 67 27 head
904 2372 33 27 of
943 2373 46 26 the
1002 2379 92 26 troops
1106 2379 34 19 on
1152 2369 45 27 the
1213 2368 63 30 tBtl2
1289 2367 105 27 inftant.

860 2407 79 34 Lady
951 2407 149 26 WALLacs
1119 2405 93 26 refides
1230 2411 30 20 at
1278 2404 104 34 prefent
1400 2408 28 20 at
1440 2399 123 33 Munich,

824 2444 26 26 in
863 2443 44 27 the
919 2441 73 27 fame
1002 2440 80 27 houfe
1093 2439 63 28 with
1167 2438 98 28 feveral
1279 2437 128 35 Imperial
1416 2437 111 27 Officers
1534 2435 32 26 of

819 2477 163 32 .diftinsftion,
1000 2477 63 26 who
1074 2483 67 20 were
1153 2476 78 26 made
1244 2472 131 37 prifoners
1387 2472 27 26 in
1423 2471 45 27 the
1480 2470 83 28 battle

822 2512 35 28 of
865 2512 202 27 Hoheinden.
1103 2510 58 26 Her
1183 2509 136 33 Ladyfhip
1331 2513 83 20 wrote
1435 2506 79 26 home
1527 2506 35 33 by

822 2545 47 30 the
881 2542 50 32 Taft
931 2542 13 32 -
954 2545 77 32 mail,
1049 2545 58 27 that
1128 2552 35 19 no
1186 2543 48 27 lefs
1252 2543 66 26 than
1330 2542 92 27 eleven
1433 2541 130 27 thoufand

824 2581 128 30 Auftrian
963 2581 130 35 prifoners
1100 2580 32 27 of
1136 2588 53 19 war
1196 2578 56 31 had
1259 2577 81 35 lately
1350 2575 87 37 paired
1446 2575 117 37 through

826 2614 59 32 that
896 2617 54 33 city
963 2616 73 27 from
1048 2615 45 28 the
1109 2615 54 27 feat
1174 2614 32 26 of
1214 2622 65 18 war.

861 2653 107 26 Letters
987 2660 70 18 were
1075 2659 35 18 on
1127 2648 124 34 Tuefday
1263 2647 123 27 received
1406 2644 71 28 from
1489 2644 73 28 Lord

824 2686 141 27 WILLIAM
978 2686 161 30 BINTINCK,
1147 2685 80 27 dated
1237 2682 45 27 the
1293 2682 63 27 18th
1367 2681 33 27 of
1404 2681 159 31 November,

823 2720 71 30 (tom
907 2719 73 28 Villa
991 2721 116 30 Franca,
1142 2718 59 28 The
1215 2718 154 34 Campaign
1387 2718 27 26 in
1427 2715 71 35 Italy
1509 2715 53 26 had

826 2757 184 28 coMmenced,
1029 2754 53 27 and
1091 2754 44 26 the
1148 2753 141 26 Auftrians
1299 2752 56 26 had
1376 2752 66 25 been
1455 2751 94 26 fOccefs-

823 2790 41 28 fal
876 2791 27 25 in
915 2790 99 26 feveral
1037 2787 228 28 fkirmilhes—but
1281 2792 28 21 at
1322 2786 45 26 the
1380 2786 61 26 date
1454 2785 32 26 of
1494 2784 69 27 thefe

826 2824 155 37 difpatches,
998 2832 38 18 no

1043 2823 111 40 _general
1166 2823 84 26 anion
1261 2822 57 27 had
1329 2820 80 28 taken
1422 2820 83 34 place.

861 2859 122 34 Durin
983 2859 45 27 the
1039 2863 66 30 fiege
1115 2857 31 27 of
1152 2857 239 31 Acre,GHEZZAR
1402 2855 96 26 PACHA
1509 2863 54 18 was

826 2894 28 28 (o
865 2894 86 39 gratef
952 2869 30 51 ul
1002 2894 44 27 for
1065 2893 44 27 the
1121 2894 109 26 fervices
1240 2891 155 35 performed
1407 2891 35 33 by
1452 2890 43 26 Sir
1504 2890 46 25 SID-

827 2940 56 19 NEY
898 2930 110 30 SMITH,
1025 2929 59 26 that
1095 2928 33 26 he
1141 2927 100 27 defired
1258 2927 58 26 him
1329 2933 30 20 to
1370 2926 78 27 make
1460 2934 52 25 any
1525 2934 26 18 re-

827 2966 72 34 quell
911 2966 33 26 he
956 2965 107 34 pleafed
1075 2963 53 26 and
1139 2962 33 27 he
1179 2961 93 28 fhould
1281 2960 110 35 comply
1400 2960 65 28 with
1472 2961 30 25 it.
1522 2960 40 26 Sir

829 3001 104 26 SIDNEY
947 2999 80 27 afked
1039 2999 40 26 his
1091 3008 52 21 axe,
1160 2998 44 27 the
1217 2998 90 34 badge
1319 2995 33 27 of
1359 2995 41 27 his
1419 2995 145 33 authority,

828 3034 86 28 which
935 3034 45 28 the
1003 3033 110 31 PACHA,
1129 3032 67 27 after
1215 3041 17 17 a
1252 3032 146 26 moment's
1417 3031 146 28 hefitation,

828 3079 67 28 gave
907 3070 67 27 him.
992 3069 61 27 The
1065 3069 43 26 ufe
1120 3067 85 27 which
1215 3067 43 26 Sir
1271 3067 107 26 SIDNEY
1388 3066 78 26 made
1476 3064 32 26 of
1514 3064 52 27 this

829 3105 146 33 authority,
984 3112 57 18 was
1051 3110 28 20 to
1088 3103 109 26 liberate
1204 3102 72 27 from
1285 3102 89 34 prifon
1383 3110 17 18 a
1407 3100 144 35 neighbour-

829 3142 46 33 ing
886 3138 90 32 Chief,
992 3138 47 27 the
1052 3138 90 27 Prince
1154 3137 32 26 of
1193 3137 45 26 the
1251 3136 167 30 Mountains,
1434 3136 53 26 and
1499 3136 57 26 feve-

829 3175 40 27 ral
881 3175 33 27 of
921 3175 41 26 his
971 3174 144 30 followers,
1131 3172 89 26 whom
1233 3171 146 27 GNIZZAIL
1391 3169 54 27 had
1454 3176 47 30 got
1511 3170 57 25 into

829 3210 41 27 his
878 3220 100 25 power.
1015 3208 85 26 Thefe
1111 3208 102 33 perfons
1224 3207 41 26 Sir
1276 3207 106 26 SiD/Ilty
1393 3206 102 26 treated
1504 3204 63 26 with

830 3246 61 27 fuch
905 3244 99 34 refped
1016 3244 54 25 and
1082 3242 154 30 dillinetion,
1254 3240 60 27 that
1326 3241 33 26 he
1381 3240 135 34 prevailed
1533 3247 35 18 on

831 3280 72 27 them
917 3286 28 19 to
958 3285 151 28 co-operate
1122 3276 63 27 with
1196 3276 56 26 him
1270 3275 103 34 againft
1393 3273 44 28 the
1457 3273 111 32 French,

833 3315 89 26 whom
933 3313 65 34 they
1010 3322 69 17 were
1091 3311 144 35 previoufly
1248 3309 115 28 inclined
1376 3317 28 20 to
1416 3309 80 27 ferve.

867 3350 63 27 The
941 3348 54 27 late
1012 3348 67 26 Rev.
1097 3347 22 34 J.
1137 3346 99 27 Hots&
1251 3345 50 27 has
1312 3344 165 35 bequeathed
1496 3344 71 26 Come

833 3383 182 30 confiderable
1028 3383 91 27 eftates
1127 3390 28 19 to
1166 3381 45 27 the
1219 3379 144 35 univerfity
1372 3379 32 27 of
1407 3379 162 35 Cambridge

834 3420 43 27 for
887 3419 46 27 the
946 3419 193 26 advancement
1159 3416 33 27 of
1211 3416 128 35 religious
1362 3415 131 34 learning,
1515 3415 53 25 and

835 3455 115 27 directed
971 3462 37 19 an
1028 3451 98 28 annual
1137 3451 131 35 premium
1291 3450 44 26 for
1355 3449 45 27 the
1420 3449 54 27 bell
1486 3448 72 27 differ-

836 3490 93 30 tation,
947 3489 28 25 in
989 3487 119 37 Englift,
1126 3495 34 18 on
1170 3485 43 27 the
1226 3485 125 27 evidence
1364 3485 27 25 in
1403 3483 117 35 general,
1538 3493 31 17 or

837 3526 43 27 the
894 3523 159 35 Prophecies
1070 3531 31 17 or
1121 3520 123 27 Miracles
1257 3520 27 27 in
1297 3520 155 34 particular,
1470 3528 30 18 or
1518 3527 50 25 any

837 3560 76 26 other
937 3565 169 28 arguments,
1131 3555 117 30 whether
1273 3555 81 26 direct
1380 3563 31 17 or
1434 3553 136 27 collateral

839 3594 89 43 proofs
941 3593 27 27 of
1035 3592 128 27 Chriftian
1178 3589 132 35 Religion,
1322 3591 26 26 in
1357 3589 78 27 order
1444 3596 28 19 to
1481 3588 91 27 evince

839 3637 33 20 its
892 3628 76 28 truth
987 3628 54 27 and
1062 3626 150 27 excellence.
1237 3625 73 26 'The
1335 3624 234 27 Vice-Chancellor

839 3665 53 27 and
904 3664 124 26 Truftees
1041 3663 65 26 have
1119 3659 171 38 accordingly
1302 3659 102 27 offered
1416 3669 15 17 a
1441 3658 131 35 premium

839 3700 32 27 of
887 3699 54 34 aol.
960 3697 44 28 for
1025 3697 45 27 the
1088 3697 52 26 heft
1160 3696 77 33 Eflay
1258 3703 37 19 on
1352 3694 44 26 the
1416 3692 156 35 Prophecies

840 3735 144 27 which•are
1004 3742 63 18 now
1082 3739 109 26 accomp
1192 3730 18 26 li
1213 3729 72 41 fhing
1299 3738 44 17 arc
1357 3737 35 18 an
1403 3729 123 26 evidence
1546 3726 32 27 of

840 3770 45 26 the
896 3768 74 28 truth
984 3768 33 26 of
1026 3768 44 26 the
1082 3767 129 27 Chriftian
1400 3763 59 26 The
1468 3762 84 27 fuccef
1564 3776 9 8 .

840 3804 39 27 ful
889 3803 107 31 author,
1006 3801 60 27 who
1080 3801 66 26 mutt
1157 3801 31 26 be
1200 3800 85 27 under
1294 3798 45 27 the
1348 3798 96 35 degree
1455 3797 32 26 of
1491 3796 83 27 M.A.

841 3846 30 20 to
882 3839 71 34 print
965 3837 46 26 the
1024 3835 158 27 differtation
1194 3840 28 20 at
1233 3834 43 26 his
1283 3836 65 24 own
1361 3841 122 26 espence.

878 3873 83 26 From
980 3873 46 26 the
1049 3876 74 30 great
1142 3869 47 26 fall
1208 3868 32 26 of
1254 3868 71 26 (now
1338 3876 35 18 on
1391 3867 118 33 Monday
1521 3865 54 27 and

841 3907 125 34 Tuefday
979 3906 100 34 nights,
1091 3905 43 26 the
1147 3904 64 27 mail
1222 3904 112 26 coaches
1346 3901 79 28 could
1439 3909 46 19 not
1498 3900 78 27 reach

842 3950 72 20 town
927 3941 138 35 yefterday
1083 3938 43 28 for
1143 3939 70 26 Tome
1232 3938 83 26 hours
1336 3938 70 26 after
1422 3935 69 28 their
1501 3934 74 27 ufual

842 3978 64 28 time
917 3987 6 15 :
943 3985 83 25 many
1039 3976 46 27 did
1096 3980 46 21 not
1154 3973 84 27 arrive
1257 3979 28 20 at
1304 3971 47 32 all,
1368 3972 48 26 but
1434 3971 44 26 the
1498 3970 79 27 Mails

842 4023 69 17 were
930 4010 152 27 forwarded
1101 4010 25 26 in
1144 4016 71 20 carts
1237 4007 53 27 and
1309 4006 172 35 port-eh:tires.
1517 4004 60 26 The

844 4048 69 27 Bath
924 4048 53 26 and
991 4044 143 35 Liverpool
1148 4052 73 18 came
1235 4043 26 25 in
1274 4049 27 20 at
1315 4042 60 26 half
1384 4050 33 18 an
1427 4042 69 26 hour
1511 4042 67 25 after

844 4088 44 22 ten
899 4093 8 21 ;
925 4082 45 26 the
984 4081 81 26 lane,
1077 4081 57 25 war
1143 4080 26 25 in
1187 4076 97 28 feveral
1304 4082 73 28 parts
1396 4075 32 27 of
1443 4075 43 26 the
1499 4082 65 19 coun-

844 4124 41 27 try
900 4116 35 26 fix
951 4115 54 27 feet
1025 4115 67 33 deep
1113 4114 26 26 in
1159 4114 79 28 fnow,
1259 4110 53 27 and
1325 4120 51 18 one
1388 4109 32 27 of
1435 4110 44 26 the
1491 4109 90 26 horfes

844 4152 91 34 nearly
947 4149 120 37 periffied
1080 4156 33 18 on
1126 4147 44 27 the
1181 4147 74 26 road.
1293 4146 60 27 The
1367 4144 148 27 Worcefler
1525 4153 56 17 was

844 4187 27 26 in
885 4195 15 18 a
912 4186 83 26 much
1020 4182 79 28 worfe
1120 4182 131 30 fituation,
1269 4180 104 34 having
1387 4179 65 26 funk
1465 4181 26 24 in
1508 4178 72 27 Tome

846 4221 87 35 places
950 4219 98 27 twelve
1065 4218 107 26 feet—it
1185 4218 45 26 did
1243 4222 47 19 not
1304 4214 79 27 reach
1406 4221 72 19 town
1491 4212 39 27 till
1544 4212 35 26 fix

844 4254 104 30 o'clock
959 4252 50 30 Taft
1020 4251 180 39 night.—The
1212 4251 117 33 delivery
1343 4250 32 26 of
1381 4250 44 26 the
1439 4248 87 26 inland
1534 4247 35 26 let-

846 4297 61 24 ters,
924 4290 93 34 owing
1036 4296 31 19 to
1087 4287 43 26 the
1149 4286 69 26 fame
1237 4284 213 31 circumfloices,
1467 4284 45 26 did
1534 4287 47 21 not

846 4325 60 27 take
917 4323 78 37 pla7,,
1007 4323 92 32 to-day
1111 4320 39 27 till
1160 4329 50 18 one
1221 4319 113 26 o'clock.

882 4359 30 26 A
926 4358 71 27 Ibort
1016 4357 64 26 time
1093 4364 61 26 ago,
1166 4355 118 26 between
1298 4361 56 19 two
1367 4352 52 27 and
1431 4352 72 27 three
1517 4350 50 27 hun-

847 4394 65 27 dred
932 4394 86 33 pieces
1031 4391 33 26 of
1070 4393 102 25 ancient
1189 4389 74 26 hirer
1276 4389 63 25 coin
1350 4396 69 18 were
1431 4387 151 27 difcovered

848 4429 27 27 in
886 4437 18 18 a
915 4427 126 33 tan-yard
1056 4427 25 26 in
1095 4424 125 30 Stafford,
1237 4424 85 25 about
1335 4431 17 17 a
1369 4422 67 33 yard
1448 4421 71 27 from
1538 4420 45 27 the

849 4463 100 27 furface
963 4461 32 26 of
1000 4462 46 26 the
1058 4460 113 34 ground.
1207 4457 79 34 They
1294 4466 71 18 were
1378 4456 141 27 contained
1530 4456 25 25 in
1567 4465 17 18 a

849 4496 74 30 finall
933 4499 63 33 jug,
1015 4494 54 28 and
1085 4504 41 17 arc
1141 4494 24 25 in
1179 4501 34 19 an
1224 4492 130 27 excellent
1367 4492 63 26 (late
1442 4491 32 27 of
1489 4491 83 34 prefer-

852 4533 98 26 ration.
989 4531 26 26 It
1028 4531 21 26 is
1061 4528 124 34 funpofttl
1198 4527 61 33 they
1272 4526 69 27 have
1351 4526 53 25 lain
1416 4525 72 27 there
1501 4526 83 25 about

853 4577 51 26 700
917 4574 86 26 years,
1022 4573 31 18 as
1075 4564 61 33 they
1159 4571 99 25 appear
1276 4569 30 20 to
1326 4561 67 26 have
1413 4561 66 26 been
1492 4560 92 26 coined

852 4603 98 34 during
963 4600 46 26 the
1030 4599 89 35 reigns
1134 4597 32 26 of
1181 4596 187 31 Ermssottso,
1381 4596 132 28 Camara,
1531 4594 56 27 and

854 4637 226 27 HAIDICANOTE,
1104 4631 85 27 which
1208 4630 47 27 laft
1276 4629 131 28 Monarch
1427 4629 60 27 died
1511 4629 34 37 (it
1564 4630 22 25 is

852 4672 65 31 (aid,
932 4668 120 37 through
1071 4665 119 28 erceffive
1211 4665 91 38 eating
1323 4665 54 28 and
1398 4664 138 37 drinking)
1557 4670 30 21 at

855 4703 135 34 Lambeth
1002 4706 30 27 in
1044 4702 43 28 the
1094 4709 64 27 year
1169 4708 74 28 too.

1715 77 84 32 THE
1819 78 91 31 NEW
1928 78 128 31 CENTU

1616 149 51 27 Hail
1676 159 24 15 to
1708 155 37 20 the
1752 162 45 14 New
1799 155 86 28 gigamtie
1891 154 48 27 self:
1946 154 79 30 elyeare

1616 191 86 21 dhetber
1710 196 76 24 ertfroy
1793 191 11 19 !
1820 198 26 20 pa
1851 190 51 27 'ling
1909 190 21 20 in
1939 190 86 24 review,

1617 227 78 20 Which
1706 227 52 26 aged
1766 234 50 13 men
1821 227 43 27 jult
1873 227 51 20 look
1933 230 28 21 at,
1975 226 44 21 and
2026 223 58 24 their
2088 222 58 27 foss,

1618 262 21 21 If
1645 263 58 20 three
1713 262 57 21 fcore
1780 268 60 22 years
1850 261 41 22 and
1898 266 37 18 ten
1941 261 73 22 &odd
2019 261 27 21 be
2052 260 58 21 their

1619 298 58 28 May
1685 305 59 21 grow
1753 299 92 20 familiar
1852 299 65 25 with,
1928 299 40 20 but
1974 298 38 21 fall
2017 296 132 22 beihse---...

1618 334 46 22 'Tis
1674 341 21 14 as
1703 341 11 14 a
1723 335 37 20 biU
1767 337 115 19 treeaminct
1891 338 24 18 to
1924 333 76 24 attend
2007 341 7 17 ;

1619 371 52 21 And
1677 372 59 24 who,
1749 370 25 21 of
1780 371 37 25 all,
1830 371 27 20 its
1867 370 86 20 (unlink
1963 370 45 20 will
2015 364 70 27 attain
2092 369 67 21 !---

1619 406 67 25 Who,
1698 407 25 20 of
1730 407 37 20 the
1778 406 92 28 myriads
1879 405 71 22 which
1967 406 35 20 the
2010 405 58 21 earth
2075 411 51 14 now
2134 403 70 26 tread,

1626 442 53 21 Will
1687 448 64 17 count
1760 443 38 21 the
1806 443 46 20 half
1859 442 24 20 of
1889 443 43 19 this
1939 442 48 26 long
1995 442 56 20 train
2059 441 26 21 of
2091 448 61 20 years

1625 478 34 22 Ye
1667 480 51 21 who
1724 481 53 20 have
1788 480 80 20 known
1876 478 43 21 and
1924 478 50 21 well
1981 476 84 28 enloy'd
2073 477 38 21 the
2119 476 56 28 days

1625 514 78 22 Which
1711 515 37 21 the
1757 514 39 22 laft
1802 514 80 27 cenery
1889 520 53 20 gave
1952 520 53 21 your
2015 514 93 21 forward
2117 514 69 25 birth,

1624 550 64 22 Ne'cr
1695 552 70 26 grieve
1772 552 46 20 that
1828 552 48 25 long
1885 556 26 20 ye
1920 554 78 17 cannot
2006 549 52 21 float
2065 555 28 15 on
2104 549 43 20 this
2152 555 8 19 ;

1624 585 43 22 hut
1674 587 43 20 like
1723 593 12 14 a
1742 594 60 13 1009(
1811 586 130 27 commingle
1949 586 54 20 with
2013 586 35 20 the
2054 592 35 14 ma
2096 585 22 20 i:

1624 627 30 21 Be
1661 627 89 27 grateful
1760 627 34 20 for
1800 627 37 20 the
1845 625 118 28 paft—and
1970 631 93 22 younger
2069 625 57 26 Cons,

1623 664 44 25 Oh,
1680 664 61 20 mark
1752 664 52 21 haw
1812 664 80 26 fwiftly
1902 663 28 27 fly
1938 663 130 26 thenleethig
2075 663 77 25 hours,

1625 694 60 26 since
1691 699 59 21 what
1761 705 57 21 your
1825 699 65 26 hoary
1902 698 79 21 fathers
1991 703 48 15 now
2048 703 86 21 appear,

1624 735 63 28 'They
1696 735 96 21 dream'd
1800 741 46 19 not,
1859 736 43 19 like
1910 733 125 28 yourfelves,
2041 733 24 27 fo
2072 733 45 27 fort
2128 737 22 17 to
2157 733 35 25 be,

1625 775 61 28 They
1696 776 22 20 in
1728 776 57 20 their
1791 774 89 28 juv'nilc
1889 775 52 26 days
1950 775 91 26 thought
2047 775 52 19 time
2106 774 76 27 aPail,

1628 811 22 21 A
1658 809 150 24 Aread-irdrall
1812 820 83 20 traggua
1903 820 7 14 ;
1928 811 39 20 but
1974 816 12 14 a
1993 809 103 28 rate-Ewa:ft
2104 808 59 24 low!

1628 847 45 22 'Tis
1680 854 12 14 a
1696 847 46 21 salt
1748 847 66 21 barrel
1822 853 33 15 we
1865 847 56 21 have
1926 846 72 27 tapp'd
2006 846 81 27 to-day,

1628 883 90 27 Enough
1724 888 24 17 to
1757 883 71 27 fatisfy
1838 883 38 21 the
1884 882 46 21 fons
1941 882 25 21 of
1970 887 51 17 men

1630 918 57 24 Now
1695 919 92 28 quaffing
1794 919 84 27 earthly
1881 919 46 27 joy.

1629 957 63 20 Some
1700 957 45 20 few
1752 957 60 20 there
1819 961 37 15 are

1630 991 51 21 Will
1688 992 48 20 take
1744 998 14 15 a
1765 992 86 26 copious
1857 990 102 28 draught,

1629 1028 61 21 With
1700 1033 65 21 many
1773 1035 61 14 more
1843 1029 37 20 the
1889 1029 73 26 potion
1971 1025 45 24 will
2026 1023 26 25 be
2060 1024 67 27 fmall,

1631 1068 71 21 While
1711 1068 92 21 millions
1811 1068 91 26 fcucely
1907 1068 53 20 tafte
1967 1068 35 20 the
2011 1068 107 25 beverage.

1629 1104 48 21 One
1685 1104 83 26 gentral
1778 1104 44 21 fate
1831 1104 40 20 ftill
1877 1104 28 20 all
1915 1104 53 20 alike
1976 1108 109 19 concerns,

1631 1140 105 20 Whether
1744 1140 33 20 his
1787 1140 51 26 days
1848 1140 26 20 be
1883 1140 70 21 either
1956 1140 57 20 fhort
2020 1146 25 14 or
2053 1140 58 25 long,

1629 1176 105 21 Whether
1742 1176 56 20 with
1804 1175 91 27 worldly
1905 1176 50 25 gifts
1964 1176 33 20 his
2007 1181 59 21 years
2074 1180 37 15 are
2120 1172 107 28 teamed.

1630 1212 33 21 Or
1671 1218 56 18 care,
1740 1218 25 14 or
1770 1212 40 20 toil
1818 1212 51 20 (hall
1878 1212 50 21 load
1936 1212 33 20 his
1978 1212 67 26 heavy
2055 1212 74 22 hours,

1658 1247 41 21 Let
1706 1252 38 15 not
1750 1253 27 14 an
1787 1248 90 20 anxious
1885 1247 56 27 hope
1948 1247 25 20 of
1976 1247 73 26 length
2059 1246 26 20 of
2091 1245 52 27 days

1658 1284 40 20 His
1707 1290 103 20 generous
1818 1283 64 21 mind
1889 1284 30 20 fix
1928 1287 24 17 to
1961 1284 37 20 the
2003 1283 104 27 growling
2117 1281 61 21 earth

1661 1320 45 21 Nor
1715 1324 37 24 yet
1760 1319 112 27 regartileis
1878 1319 26 21 of
1907 1325 13 15 a
1928 1319 35 21 life
1970 1319 51 21 thus
2029 1318 65 25 than,

1659 1356 57 21 Lent
1726 1356 46 20 him
1780 1356 33 20 for
1821 1355 80 26 others,
1915 1361 39 15 not
1962 1355 85 21 himfelf
2054 1354 74 21 alone!

1659 1393 40 21 Let
1706 1398 56 15 none
1766 1393 45 21 low
1819 1391 97 22 eltimate
1923 1398 13 14 a
1944 1391 40 27 gift
1991 1391 21 21 fo
2020 1395 67 24 great,

1661 1429 45 20 For
1706 1428 33 21 'cis
1744 1428 38 21 the
1789 1428 81 21 earnelt
1877 1429 25 19 of
1909 1428 94 26 eternity

1636 1463 43 22 Let
1685 1466 51 20 then
1744 1466 93 26 eternity
1848 1470 78 20 engage
1935 1465 33 21 his
1975 1463 109 26 thoughts,

1635 1500 51 22 And
1691 1501 47 21 that
1744 1501 137 20 ALSIIOITY
1894 1499 79 22 BRING
1980 1500 22 20 in
2011 1499 70 22 whole
2088 1499 54 26 light

1661 1538 22 20 A
1690 1537 102 21 thoufand
1799 1543 58 21 years
1864 1544 35 13 are
1909 1538 41 19 but
1961 1543 21 14 as
1993 1534 118 30 yefterday,

1664 1574 118 20 ANCIINT
1793 1579 30 15 OF
1832 1572 70 22 DA•S

1663 1610 50 21 Oh!
1727 1610 74 21 Teach
1809 1616 25 14 us
1841 1609 21 20 fo
1871 1616 40 14 our
1918 1609 52 27 days
1980 1609 15 20 t'
2002 1610 129 22 enumerate,

1663 1644 59 24 That
1731 1650 53 18 unto
1792 1645 90 21 wifdom
1891 1651 34 15 we
1935 1645 61 26 apply
2003 1650 40 15 our
2048 1645 70 21 hearts
2262 1639 19 24 S.

1616 1707 60 28 The
1688 1707 188 28 circumftance
1890 1707 32 27 of
1939 1707 73 27 Lord
2026 1707 124 27 Fitemcit
2165 1706 150 27 SPENCER'S

1580 1744 107 34 coming
1701 1743 32 26 of
1741 1753 50 26 age
1804 1744 27 25 in
1844 1742 45 27 the
1902 1742 144 27 Chriftmas
2059 1742 131 32 holidays,
2202 1740 48 26 has
2261 1748 43 25 pro-

1581 1779 86 26 duced
1680 1779 98 26 double
1795 1779 47 33 joy
1866 1779 53 25 and
1939 1778 97 27 double
2055 1778 120 32 fcalling,
2202 1782 27 19 at
2244 1774 58 26 Blen-

1581 1814 80 30 heim,
1683 1813 87 26 where
1791 1813 45 26 the
1847 1813 69 25 cook
1928 1812 52 26 and
1993 1812 109 26 butler's
2114 1809 99 34 lliftory
2226 1809 31 26 of
2271 1808 46 27 laft

1581 1850 72 26 week
1668 1848 91 26 would
1778 1848 43 26 vie
1839 1847 66 27 with
1923 1846 44 30 the
1989 1853 124 20 accounts
2126 1845 30 27 of
2167 1856 50 15 our
2235 1845 83 26 ancient

1581 1884 151 35 hoftahties.

1620 1923 115 22 FEMALE
1744 1918 138 27 FASHIONS
1893 1926 50 18 FOR
1952 1917 51 34 JAN
2009 1915 250 35 UARY.—Walking
2267 1915 52 27 and

1584 1955 61 26 Full
1658 1954 175 27 Dretres.—t.
1843 1952 81 28 Drefs
1936 1951 33 27 of
1974 1951 94 35 yellow
2080 1950 104 31 muflin,
2194 1949 124 27 trimmed

1583 1989 65 27 with
1661 1988 77 28 black
1749 1989 104 31 ribbon,
1866 1988 53 26 and
1930 1987 63 27 with
2006 1988 76 25 black
2094 1987 46 26 filk
2154 1985 85 27 talfels
2249 1995 8 21 ;
2269 1984 50 26 full

1584 2024 118 35 epaulets
1711 2034 7 21 ;
1731 2024 79 26 white
1820 2022 94 27 muflin
1928 2022 92 26 fleeves
2033 2033 7 20 ;
2053 2021 109 26 Pizarro
2171 2020 57 31 hat,
2241 2020 76 26 made

1583 2060 33 26 of
1624 2068 74 25 wove
1711 2059 54 31 filk,
1779 2060 27 26 in
1819 2059 37 27 all
1874 2057 113 31 colours,
2006 2056 175 26 ornamented
2194 2054 63 27 with
2280 2054 27 26 Pi-

1587 2104 78 18 zarro
1676 2094 115 26 feathers
1802 2093 63 31 alto,
1876 2092 33 27 of
1915 2092 106 26 various
2031 2091 177 27 colours.—z.
2224 2089 94 26 Round

1585 2131 70 26 drefs
1672 2128 32 27 of
1717 2128 79 27 white
1815 2128 94 26 muffin
1922 2138 7 21 ;
1954 2127 115 34 Spencer
2089 2125 32 27 of
2135 2125 93 26 fcarlet
2248 2124 72 31 Patin,

1585 2164 112 27 covered
1706 2164 53 26 and
1768 2164 126 26 trimmed
1903 2161 64 28 with
1974 2161 78 28 black
2059 2160 58 27 lace
2127 2171 7 20 ;
2147 2159 78 27 fmall
2236 2158 85 28 round

1585 2200 58 30 hat,
1654 2198 65 27 with
1731 2209 17 17 a
1759 2199 67 34 deep
1839 2198 70 31 veil;
1924 2198 92 26 brown
2027 2197 64 26 bear
2102 2194 79 27 muff.

1624 2235 79 27 Head
1715 2233 175 27 Dreffes.—t.
1909 2232 112 27 Turban
2034 2230 32 27 of
2074 2230 81 26 white
2166 2229 104 31 muflin,
2282 2237 26 18 or-

1587 2270 142 26 namented
1739 2269 65 26 with
1817 2268 65 35 gold
1893 2268 91 30 beads,
1990 2267 79 26 white
2078 2264 97 28 oftrich
2185 2264 100 26 feather
2294 2264 25 25 in

1587 2304 143 27 front.-2.
1749 2304 59 34 Cap
1826 2302 33 27 of
1873 2302 80 26 white
1971 2301 66 31 lace,
2056 2301 43 26 the
2120 2308 91 19 crown
2235 2296 87 30 rather

1589 2340 59 31 full,
1661 2339 105 27 finithed
1778 2347 35 18 on
1826 2339 44 27 the
1886 2337 48 27 left
1948 2336 51 26 fide
2011 2335 63 27 with
2087 2344 17 18 a
2115 2335 86 26 broad
2215 2334 87 34 lappet
2313 2343 7 21 ;

1589 2382 54 19 two
1655 2375 72 25 bows
1739 2373 33 27 of
1779 2373 80 26 white
1871 2373 103 30 ribbon,
1987 2379 50 19 one
2053 2379 35 19 on
2104 2370 45 27 the
2167 2378 47 26 top
2233 2368 32 27 of
2276 2368 43 26 the

1589 2418 98 21 crown,
1700 2409 53 26 and
1765 2418 51 17 one
1828 2407 99 27 before.
1928 2415 63 25 -3.
2010 2405 100 27 Bonnet
2130 2405 33 26 of
2177 2404 146 34 coquelicot

1590 2444 96 31 velvet,
1708 2444 128 26 trimmed
1852 2443 65 26 with
1941 2441 78 27 black
2041 2441 111 28 ribbon;
2177 2438 148 35 coquelicot

1589 2479 86 35 (pray,
1693 2487 32 18 or
1740 2477 112 32 feather,
1865 2478 27 25 in
1904 2477 143 33 front.-4.
2067 2473 86 30 Small
2166 2474 87 27 round
2267 2483 57 26 cap,

1590 2515 33 26 of
1641 2515 76 34 point
1736 2513 67 30 lace,
1824 2512 126 26 trimmed
1969 2510 63 26 with
2052 2510 78 26 white
2151 2510 168 32 ribbon.-5.

1590 2549 59 34 Cap
1658 2549 32 26 of
1693 2549 66 30 lace,
1768 2556 31 19 or
1808 2546 104 31 muffin,
1922 2546 45 27 the
1975 2545 71 27 front
2055 2545 105 26 formed
2169 2545 35 32 by
2215 2542 111 27 wreaths

1590 2583 33 27 of
1631 2583 78 27 white
1721 2583 112 31 ribbon;
1851 2582 67 34 deep
1930 2581 57 26 lace
2000 2580 122 27 veil.-6.
2135 2581 59 33 Cap
2209 2577 32 27 of
2248 2587 77 18 seuia

1590 2620 66 30 lace,
1669 2619 44 26 the
1726 2617 72 35 right
1811 2617 52 26 fide
1876 2617 78 26 made
1968 2622 28 19 to
2009 2614 66 27 thew
2088 2614 44 26 the
2145 2614 70 30 hair,
2226 2614 53 26 and
2290 2621 34 18 on

1591 2653 45 28 the
1655 2653 46 27 left
1720 2662 15 17 a
1750 2657 67 28 'very
1831 2653 66 33 deep
1918 2652 105 30 border,
2035 2649 86 30 which
2140 2648 113 33 entirely
2265 2656 43 17 con-

1591 2688 70 28 ceals
1682 2689 18 25 it
1713 2699 7 20 ;
1739 2698 15 17 a
1772 2688 85 26 broal
1876 2687 91 33 lappet
1978 2685 32 27 of
2023 2685 54 27 lace
2091 2683 53 34 pail
2144 2683 9 27 -
2153 2683 20 27 es
2187 2683 84 26 under
2282 2682 44 26 the

1591 2724 61 27 chin
1664 2724 69 26 from
1747 2724 44 26 the
1804 2721 47 27 left
1860 2721 61 30 fide,
1930 2721 52 26 and
1991 2720 21 25 is
2020 2719 115 27 fattened
2148 2727 34 17 on
2197 2718 45 26 the
2255 2718 71 34 right

1735 2757 60 27 Hat
1812 2757 33 26 of
1859 2757 87 26 velvet
1957 2765 8 21 ;
1983 2754 78 27 white
2079 2753 96 27 oftrich
2187 2751 100 28 feather
2300 2754 26 24 in

1590 2793 142 27 front.-8.
1752 2792 59 34 Cap
1822 2791 79 27 made
1912 2790 32 26 of
1954 2790 77 26 white
2037 2790 56 26 lace
2104 2790 52 25 and
2166 2787 61 26 blue
2238 2796 86 26 crape,

1590 2828 172 27 ornamented
1772 2826 65 27 with
1844 2825 63 27 blue
1915 2825 112 27 ribbons.
2028 2832 63 26 -9.
2104 2823 60 26 The
2172 2823 69 35 gold
2249 2823 76 28 tiara,

1590 2862 64 27 with
1668 2869 53 20 two
1733 2862 123 26 feathers.
2282 2888 6 1 .
2308 2888 7 1 .

1628 2898 72 26 Paris
1709 2896 174 27 Drelles.—t.
1899 2895 102 26 Bonnet
2008 2893 174 27 ornamented
2190 2890 63 27 with
2264 2890 59 34 pink

1591 2934 86 26 velvet
1689 2943 7 19 ;
1707 2930 175 27 hankerchief
1886 2929 126 27 trimmed
2021 2928 63 26 with
2091 2928 131 26 lace.-1.
2236 2927 27 25 A
2274 2924 52 27 vcil

1591 2967 116 35 forming
1721 2967 44 26 the
1778 2966 107 33 antique
1905 2963 219 34 head-drefs.-3.
2143 2962 61 25 The
2224 2961 58 26 hair
2300 2960 26 26 in

1592 3004 48 26 full
1654 3002 67 26 drefs
1733 3012 7 20 ;
1760 3001 71 26 tunic
1844 2999 32 26 of
1881 2999 79 27 black
1974 3006 150 26 crape.-4.
2143 2995 183 35 1-lalf-peafant

1592 3037 219 33 head-tircfs.--5.
1824 3035 125 34 Morning
1957 3044 61 25 cap;
2029 3032 94 27 crofTed
2130 3030 196 27 handkerchief.

1593 3074 61 24 --6.
1675 3071 94 27 Velvet
1787 3070 56 32 hat,
1863 3070 63 26 with
1945 3077 34 19 an
1997 3069 65 33 e*it
2074 3069 104 33 aigrette,
2197 3065 53 26 and
2263 3065 64 33 deep

1592 3107 57 27 lace
1662 3106 51 27 veil
1722 3117 7 19 ;
1752 3105 86 35 (loped
1851 3105 80 26 tunic.
1935 3112 60 25 -7.
2002 3102 17 34 -
2019 3102 123 34 Morning
2153 3099 174 28 drefs.—The

1592 3142 59 26 hair
1664 3143 24 25 in
1701 3151 17 17 a
1729 3148 44 20 net
1785 3151 7 20 ;
1811 3141 44 27 the
1876 3137 189 28 handkerchief
2081 3136 99 26 crolfed
2202 3144 64 18 over
2283 3133 43 27 the

1594 3177 161 26 hofom.-8.
1778 3176 100 25 Bonnet
1890 3174 64 27 with
1967 3181 18 19 a
1995 3171 96 27 double
2104 3180 32 18 or
2146 3169 80 37 triple
2235 3178 54 18 row
2300 3168 33 27 of

1594 3214 105 26 ribbons
1713 3211 25 26 in
1752 3210 71 34 front
1833 3220 8 21 ;
1858 3207 191 28 handkerchief
2054 3206 32 27 of
2091 3206 45 28 the
2145 3206 72 26 fame
2229 3204 98 27 colour.

1594 3256 61 24 —9.
1667 3247 58 26 The
1733 3247 58 25 hair
1798 3255 26 17 en
1832 3242 217 37 wgfiget,without
2059 3241 43 27 the
2109 3247 54 25 net,
2172 3249 30 17 as
2209 3240 26 26 in
2243 3239 50 27 No.
2303 3247 24 26 7.

1633 3280 37 28 ?di
1674 3282 21 25 le
1700 3281 131 26 ellaneous
1838 3276 291 28 Oblervations.—The
2137 3274 180 37 prevailingco-

1596 3317 72 27 lours
1674 3325 45 18 are
1727 3314 104 37 purple,
1839 3322 77 26 puce,
1924 3312 104 35 yellow,
2035 3312 52 26 and
2096 3308 233 31 fcarlet.—Beads,

1596 3351 123 30 feathers,
1736 3351 53 26 and
1802 3350 102 26 flowers
1916 3347 32 27 of
1963 3346 37 27 all
2014 3347 74 26 kinds
2101 3357 7 20 ;
2126 3344 128 37 fpangled
2274 3350 57 20 nets

1597 3385 46 28 for
1652 3386 43 26 the
1708 3385 58 26 hair
1776 3396 8 20 ;
1804 3384 65 37 gold
1877 3384 54 26 and
1941 3383 73 26 elver
2024 3381 151 34 trimmings
2185 3380 53 26 and
2250 3377 79 37 plain,

1597 3420 112 37 figured,
1727 3420 53 26 and
1789 3417 131 28 embolfcd
1929 3416 107 31 velvets,
2048 3425 43 17 are
2101 3413 138 37 generally
2248 3422 81 18 worn.

1594 3455 97 27 —The
1703 3455 112 35 aigrette
1828 3454 100 34 plume,
1946 3452 84 26 made.
2037 3450 30 26 of
2076 3449 126 27 cheneille
2219 3449 53 26 and
2290 3456 28 19 co-

1596 3490 93 27 loured
1702 3490 80 25 beads
1792 3500 8 20 ;
1819 3488 128 34 Spencers
1958 3485 33 27 of
2007 3485 96 26 &Jed
2122 3490 73 27 terry
2215 3482 98 27 velvets
2323 3493 8 21 ;

1599 3527 53 26 and
1664 3526 124 34 morning
1799 3523 60 27 hats
1877 3523 54 25 and
1951 3522 119 30 bonnets,
2088 3520 79 26 made
2186 3517 35 28 of
2238 3517 93 30 velvet,

1598 3560 81 43 plain,
1697 3560 52 26 and
1762 3557 125 28 trimmed
1902 3556 64 27 with
1978 3555 52 31 fur,
2047 3565 44 17 arc
2104 3561 103 28 among
2224 3552 45 27 the
2285 3552 46 27 1.111

1599 3595 154 27 inventions.

1635 3631 54 26 Not
1710 3628 64 34 only
1794 3627 45 28 the
1863 3626 111 34 holiday
1997 3625 76 30 folks,
2091 3624 50 26 but
2163 3621 91 28 others
2272 3620 59 27 who

1599 3664 104 38 nightly
1717 3664 67 26 flock
1798 3670 28 27 to
1838 3661 45 27 the
1907 3660 116 34 Royalty
2035 3659 128 30 Theatre,
2180 3657 67 27 have
2261 3665 59 25 expe-

1600 3699 103 28 rienced
1714 3707 33 18 an
1760 3697 207 27 entertainment
1980 3696 26 26 in
2019 3694 43 26 the
2081 3692 204 35 reprefentation
2306 3690 32 26 of

1600 3735 61 27 fuch
1672 3743 14 18 a
1704 3731 132 37 Speaacle
1851 3741 28 17 as
1892 3730 43 27 the
1954 3730 120 26 American
2092 3729 110 27 Heroine,
2220 3726 43 26 the
2276 3735 57 18 new

1603 3768 201 27 Divertifernent
1817 3765 33 26 of
1857 3767 45 25 the
1913 3764 125 35 Chnjmas
2056 3763 86 32 Merry
2157 3762 117 32 Meeting,
2289 3759 43 27 the

1602 3802 200 33 extraordinary
1813 3800 67 27 feats
1889 3798 33 28 of
1929 3798 45 28 the
1985 3797 94 35 nor*
2094 3795 123 31 Hercules,
2229 3794 52 26 and
2291 3794 43 26 the

1602 3837 170 37 magnificent
1782 3835 117 27 beauties
1911 3834 32 26 of
1951 3834 44 26 the
2006 3841 57 18 new
2074 3830 168 27 Pantomime
2254 3827 33 27 of
2291 3827 43 27 the

1604 3874 90 30 Pirate,
1713 3872 58 27 that
1779 3870 50 27 has
1837 3867 130 37 furpalTed
1980 3867 44 27 the
2036 3866 64 27 moll
2108 3866 126 34 fanguine
2248 3870 73 27 expec-

1602 3908 85 27 tation
1696 3918 8 20 ;
1723 3906 89 27 added
1830 3912 28 19 to
1878 3904 97 30 which,
1993 3912 39 17 we
2052 3901 69 26 have
2141 3906 30 20 to
2192 3905 87 20 notice
2293 3898 43 27 the

1603 3944 90 33 happy
1713 3940 177 27 introduEtion
1915 3938 33 26 of
1964 3946 15 18 a
2001 3937 111 27 number
2131 3934 33 27 of
2181 3933 92 31 Roves,
2293 3931 43 27 the

1604 3976 112 28 warmth
1730 3976 97 34 arifing
1839 3973 71 27 from
1919 3971 84 27 which
2017 3970 161 35 completely
2186 3970 64 25 does
2261 3976 76 25 away

1605 4011 43 28 the
1657 4010 59 28 cold
1729 4010 32 26 of
1767 4010 44 26 the
1828 4009 77 27 worn
1917 4006 33 27 of
1959 4006 122 26 weather.
2117 4004 79 31 This,
2215 4003 106 26 To-mor-

1604 4056 66 20 row,
1687 4045 53 26 and
1754 4044 133 32 Saturday
1899 4042 133 35 evenings,
2044 4049 39 18 we
2105 4039 74 26 learn
2194 4045 30 19 to
2242 4038 32 25 be
2293 4036 45 27 the

1605 4081 73 27 three
1690 4080 47 27 fail
1747 4081 77 26 times
1837 4078 58 27 that
1916 4077 45 26 the
1980 4075 99 35 prefent
2099 4074 177 27 amufements
2289 4080 50 18 can

1606 4117 32 26 be
1661 4116 58 26 fcen
1731 4126 7 20 ;
1769 4114 44 26 the
1840 4111 94 35 Fkirsilb
1954 4109 110 28 Hercules
2082 4108 139 35 returning
2241 4114 30 19 to
2294 4106 44 27 the

1609 4156 110 27 country
1734 4147 190 33 immediately,
1942 4147 53 26 and
2008 4143 110 28 another
2127 4142 112 33 Change
2246 4140 32 26 of
2287 4140 35 27 En-

1607 4186 183 27 tertainments
1802 4182 79 33 being
1894 4182 26 25 in
1933 4179 128 28 readinefs
2069 4179 41 26 for
2124 4175 132 35 Monday.

1644 4220 39 33 By
1693 4227 33 18 an
1744 4224 112 20 account
1869 4215 83 34 lately
1964 4212 165 30 tranfmitted
2143 4218 28 20 to
2187 4212 45 26 the
2248 4209 85 27 Board

1609 4254 32 27 of
1655 4252 156 41 Admiralty
1824 4251 70 27 from
1909 4251 48 26 Dr.
1971 4250 27 27 T
2112 4265 7 12 ,
2138 4245 161 35 a-phyfician
2313 4244 30 26 of

1609 4290 124 28 emience,
1741 4289 27 26 in
1776 4287 40 26 his
1824 4285 136 37 Majefly's
1971 4284 87 33 Navy,
2067 4284 52 26 and
2130 4281 67 26 fence
2207 4278 131 37 publifhed

1609 4325 35 33 by
1656 4323 58 28 that
1726 4322 163 27 Gentleman
1902 4322 27 25 in
1950 4319 44 26 the
2017 4317 113 27 London
2154 4315 118 27 Medical
2290 4315 52 26 and

1611 4357 117 35 Phyfical
1749 4355 120 35 Journal,
1891 4355 21 26 it
1924 4362 111 26 appears
2047 4352 70 27 from
2132 4350 125 41 repeated
2270 4349 72 26 trials

1610 4394 77 26 made
1700 4393 84 26 under
1793 4391 44 26 the
1848 4390 124 25 Dodoes
1980 4388 151 26 immediate
2141 4384 137 30 chreaion,
2287 4383 57 26 that

1612 4428 44 27 the
1670 4428 50 26 Sea
1731 4427 102 33 Scurvy
1846 4426 22 25 is
1879 4433 61 19 now
1954 4423 83 27 found
2054 4429 28 19 to
2102 4420 71 34 yield
2186 4417 158 35 completely

1612 4463 52 27 and
1677 4461 100 34 readily
1791 4467 28 20 to
1830 4460 46 26 the
1887 4460 90 26 elle&
1988 4456 32 27 of
2029 4456 43 27 the
2081 4456 132 26 Concrete
2226 4462 31 18 or
2269 4453 61 33 Cryf-

1612 4498 90 27 talifed
1713 4496 104 26 Lemon
1827 4494 85 34 Juice,
1920 4502 27 17 as
1957 4492 128 35 prepared
2092 4492 35 33 by
2137 4489 53 26 Mr.
2196 4489 150 28 CoxwaLL,

1612 4532 33 27 of
1659 4531 185 34 Temple-Bar.
1884 4528 32 26 In
1941 4527 118 27 addition
2079 4532 30 20 to
2128 4525 64 31 this,
2211 4532 17 19 a
2245 4521 100 28 further

1612 4573 112 21 account
1734 4564 32 28 of
1780 4565 33 25 its
1822 4564 72 37 good
1907 4563 86 27 effeas
2002 4561 48 26 has
2059 4560 52 37 juR
2124 4560 65 25 been
2199 4557 148 27 forwarded

1613 4609 27 20 to
1654 4602 44 27 the
1713 4599 89 28 Board
1815 4598 31 26 of
1856 4597 168 32 Admiralty,
2040 4597 71 26 from
2124 4603 57 18 are
2183 4599 64 28 port
2257 4592 31 26 of
2302 4591 46 27 the

1615 4636 120 35 Surgeon
1746 4635 33 26 of
1793 4642 50 18 one
1865 4631 32 27 of
1911 4632 44 26 the
1975 4630 11 27 (
1985 4630 58 35 hips
2062 4630 26 26 m
2107 4629 46 27 the
2172 4628 135 35 cquadron
2321 4628 32 26 of

1617 4668 207 30 Rear-Admiral
1843 4668 46 26 the
1903 4668 73 26 Hon.
1991 4667 119 27 Gtoacsa
2135 4662 165 31 Bummer,
2322 4668 28 21 at

1615 4704 85 30 whoa
1711 4703 206 37 exprefsrequctt
1928 4702 44 28 the
1987 4701 130 28 Concrete
2128 4698 76 35 Jaict
2211 4706 56 21 was
2274 4697 76 30 triad

2445 70 69 32 MM
2554 70 91 32 J'CAL
2665 65 309 37 IN?ELLICENG'L.

2374 182 98 15 •a*IYL
2479 182 1 15 .

2481 142 98 25 MAILS
2589 145 70 21 Tilts
2669 142 189 25 DAY.—WIND
2867 143 25 21 s.

2489 201 137 28 Haniburgh,
2640 202 53 22 Dec.
2704 201 34 26 26,

2952 175 32 17 DV
2988 175 18 15 t.

2486 266 194 25 YARMOUTH,
2694 263 174 27 pECEMBER
2877 268 25 22 3t.

2367 302 130 31 Arrived,
2516 302 45 27 the
2580 302 98 27 DIANA
2698 300 106 37 packet,
2826 300 80 33 Capt.
2930 296 146 34 °avant.

2331 338 72 28 Pram
2417 338 156 31 Cuxhaven,
2589 334 63 30 with
2666 338 46 26 the
2726 333 167 35 Hamburgh
2907 332 67 28 Mail
2986 332 35 26 of
3030 331 45 27 the

2335 373 64 27 26th
2421 372 105 31 inftant,
2544 372 53 26 and
2619 371 53 27 Mn,
2685 371 51 27 MA
2740 380 59 21 sou,
2817 379 18 18 a
2854 369 99 34 King's
2966 366 94 30 Meffen-

2331 417 59 28 ger,
2409 407 53 27 and
2476 407 78 27 other
2564 406 67 35 paire
2631 390 209 51 ngers.—Vind
2852 404 35 27 N.
2902 403 37 28 N.
2952 403 37 27 E.

2370 442 144 34 Yefterday
2528 442 104 27 arrived
2644 441 44 27 the
2704 442 125 30 London,
2845 438 34 28 of
2888 438 129 30 London,
3037 436 27 27 la-

2334 475 52 31 den
2399 477 65 27 with
2476 476 60 30 bale
2554 477 96 37 goods,
2661 477 54 26 and
2724 475 158 38 pallingers,
2900 475 74 27 from
2987 471 67 30 Ham-

2334 514 100 35 burgh.

2499 578 189 31 PLYMOUTH,
2702 580 170 24 DECEMBER
2881 586 37 22 29.

2370 622 85 28 Came
2465 618 27 32 in
2500 622 45 28 the
2555 622 113 27 Swedith
2678 622 61 38 brig
2748 620 161 31 Conliantia,
2919 618 33 30 of
2957 619 117 32 Malmo,

2335 658 117 35 Captain
2470 657 70 35 Jaws
2559 657 135 32 OSTIA/I,N,
2712 660 72 24 from
2805 653 107 34 Litbon,
2931 654 64 28 with
3008 654 67 28 fruit

2340 693 43 27 for
2394 692 54 27 this
2457 699 71 28 port.

2373 724 90 31 Sailed
2472 735 30 20 to
2506 728 59 37 join
2574 725 176 30 theChsumel
2759 725 81 33 Fleet,
2849 724 46 30 the
2906 724 172 32 ELtPHAIT,

2336 762 34 28 of
2379 771 34 26 74
2422 770 79 30 guns,
2519 762 113 35 Captain
2644 762 56 27 Fos.
2705 770 34 18 Sy
2773 762 53 26 add
2835 755 46 33 the
2891 761 152 27 Face:JAN
3050 769 31 22 r,

2336 797 33 28 of
2385 807 30 26 7+
2414 807 15 26 9
2448 797 116 37 Captain
2578 798 145 26 STONIOILD
2759 793 79 31 failed
2858 795 57 28 alto
2931 794 45 28 the
2989 795 91 26 Auto-

2336 834 138 26 Timatia
2476 833 48 27 of
2525 833 139 30 London,
2666 831 33 27 of
2700 840 50 26 24
2751 840 122 26 guns,
2874 830 132 35 Captain
3007 830 48 28 Cors
3069 840 12 22 ;

2337 868 54 27 and
2404 850 46 45 tie
2471 867 44 27 Sir
2525 866 70 37 John
2609 866 105 27 Borlafe
2730 866 122 32 Warren,
2869 866 34 26 of
2920 863 161 37 Plymouth,

2337 902 117 35 Captain
2465 902 120 31 Davin,
2598 901 41 27 for
2652 898 139 32 Calcutta:
2809 899 46 30 the
2867 899 81 30 latter
2959 900 22 28 Is
2992 900 90 27 under

2337 946 106 26 convoy
2452 937 33 27 of
2493 938 45 27 the
2550 937 109 27 former.

2372 972 63 28 The
2446 971 122 28 Channel
2580 970 73 30 Fleet
2668 970 84 30 failed
2771 970 72 28 from
2854 970 113 34 Torbay
2985 969 96 35 yeiler•

2339 1009 65 33 day,
2420 1016 37 19 on
2469 1016 18 19 a
2498 1007 100 27 ensile.

2374 1043 86 27 Came
2471 1042 30 27 in
2512 1042 44 27 the
2570 1041 206 38 Indefatigable,
2791 1039 33 28 of
2837 1039 158 31 Newea(ile,
3007 1039 73 34 Cap.

2339 1077 59 28 tain
2408 1077 126 34 JACKSON
2561 1075 71 28 from
2643 1076 132 35 Jamaica,
2785 1075 81 28 laden
2876 1075 67 28 with
2952 1083 63 19 rum
3024 1075 57 27 and

2339 1114 76 35 filar
2414 1114 15 35 )
2445 1113 99 27 bound
2550 1119 30 21 to
2596 1110 126 28 London.

2608 1154 151 20 D1C2142211
2772 1153 43 26 JO.

2375 1181 86 30 Cattle
2473 1181 28 28 in
2512 1180 47 30 the
2570 1180 138 37 Attempt,
2726 1179 34 28 of
2769 1179 126 33 London,
2913 1179 79 34 Capt.
3005 1179 43 27 Co
3051 1188 31 18 a.

2340 1225 106 19 aztaus
2469 1218 97 26 SLURX
2606 1214 72 28 from
2695 1214 41 27 St.
2757 1214 149 30 Michael's,
2923 1213 78 27 laden
3015 1214 66 27 with

2340 1252 66 27 fruit
2426 1251 44 26 for
2493 1251 116 26 London
2620 1260 8 21 ;
2659 1250 45 27 the
2724 1250 123 31 Adeona,
2874 1248 71 27 from
2970 1248 111 32 Lifbon,

2341 1285 92 30 bound
2452 1292 30 21 to
2502 1285 126 31 London,
2657 1285 80 27 laden
2761 1284 63 26 with
2848 1284 70 26 wine
2928 1284 54 27 and
2995 1284 86 32 fruit;

2340 1323 57 26 and
2417 1320 45 28 the
2630 1319 33 28 of
2678 1329 35 19 20
2737 1328 79 28 guns,
2833 1319 117 35 Captain
2967 1319 115 34 Spicia,

2339 1356 73 28 from
2425 1365 18 18 a
2453 1357 98 26 cruize.

2378 1390 91 30 Sailed
2479 1400 35 19 on
2528 1401 17 18 a
2554 1389 90 28 cruise
2653 1389 45 28 the
2709 1389 110 32 Ravine,
2830 1388 35 28 of
2876 1388 14 37 r
2904 1388 13 37 8
2931 1388 67 37 guns,
3011 1388 53 37 Cap-

2342 1427 57 26 tain
2411 1435 126 22 -;
2555 1426 53 27 and
2628 1426 45 27 the
2698 1424 182 31 Srssniviss,
2896 1424 30 27 of
2926 1424 8 13 `
2950 1424 14 35 r
2980 1424 14 35 4
3009 1424 72 35 guns,

2342 1460 163 30 Lieutenant
2517 1460 182 27 Torsixson.

2379 1495 61 28 The
2451 1495 115 27 channel
2574 1494 59 28 fleet
2644 1505 44 18 are
2702 1493 51 30 Rill
2765 1494 27 28 in
2803 1493 71 38 fight
2893 1493 72 28 from
2985 1493 97 27 Maker

2343 1531 109 27 Tower.

2485 1599 229 27 PORTSMOUTH,
2726 1599 168 24 DECEMBER
2904 1605 34 21 31.

2386 1637 64 28 Phis
2465 1636 141 28 afternoon
2626 1636 44 27 the
2689 1636 83 27 SWAN
2794 1636 71 34 floop
2884 1635 104 27 arrived
3011 1635 71 27 from

2344 1674 46 27 the
2404 1674 72 26 Cove
2489 1672 33 27 of
2529 1671 84 30 Cork,
2620 1671 69 27 after
2700 1670 111 35 landing
2824 1671 44 27 the
2878 1670 92 27 Dutch
2980 1677 103 27 troops,

2346 1708 87 26 which
2446 1707 81 30 failed
2539 1707 71 27 Come
2626 1707 65 26 time
2706 1707 67 26 fince
2785 1706 69 27 from
2868 1707 94 26 Cowes
2978 1706 109 31 Roads;

2346 1743 54 26 alfo
2412 1742 47 27 the
2470 1742 52 26 Sea
2525 1740 122 37 Nymph,
2656 1741 117 31 Suct.cfs,
2781 1741 105 31 AQive,
2897 1740 126 32 Increafe,
3039 1741 32 26 Sa-

2344 1778 74 27 muel
2431 1779 53 26 and
2497 1778 76 33 Jane,
2591 1775 106 31 Alfred,
2712 1775 141 37 Highland
2867 1776 74 28 Lai's,
2954 1775 131 26 Admiral

2346 1812 129 34 Llforey,
2494 1812 79 33 Lady
2589 1812 91 28 Shore,
2692 1812 119 28 Harriet,
2819 1811 158 31 Coverdale,
2991 1811 77 26 Wind-

2346 1852 52 26 tor,
2412 1847 87 34 Loyal
2509 1847 100 28 Briton,
2623 1846 86 33 Polly,
2724 1845 118 31 Ifabella,
2854 1845 54 26 and
2919 1845 154 35 Sovereign.

2383 1883 90 27 Sailed
2490 1883 45 26 the
2555 1883 123 25 Wtazte
2700 1880 83 35 floop,
2806 1880 53 26 and
2880 1887 51 27 put
2955 1880 67 26 back
3040 1879 46 28 the

2349 1917 141 28 RAMBLER
2504 1923 96 19 cutter.

2382 1952 119 27 Arrived
2515 1951 44 27 the
2578 1951 139 31 Starotr,
2737 1949 94 33 Loci,
2852 1949 64 28 Eaft
2935 1949 152 33 Indiaman,

2347 1988 229 27 outward-bouud
2589 1987 40 26 fur
2643 1985 112 35 Bengal.

2515 2056 176 26 SHEERNESS,
2704 2055 172 22 DECEMBER
2884 2060 34 22 3t.

2385 2093 143 34 Yefterday
2539 2092 40 27 his
2600 2092 136 35 Majefty's
2753 2091 54 34 fhip
2829 2092 154 30 LAPWitiag
2998 2089 34 28 of
3053 2092 35 33 36

2348 2137 80 30 guns,
2446 2128 116 34 Captain
2574 2127 195 30 ROTHERH•M,
2787 2133 69 20 went
2869 2133 50 19 out
2931 2125 30 27 of
2969 2126 119 26 harbour

2348 2171 30 20 to
2408 2164 47 26 the
2485 2163 72 27 Nore
2567 2173 8 21 ;
2596 2161 53 28 alto
2680 2161 45 28 the
2757 2161 76 28 Gls&
2864 2161 80 34 Hoop,
2967 2160 122 35 Captain

2352 2200 143 25 Russast.

2385 2233 120 27 Arrived
2520 2232 46 28 the
2581 2232 90 26 Byrn
2683 2241 57 34 gun
2751 2231 71 33 brig,
2841 2230 162 27 Lieutenant
3015 2230 73 27 Noa-

2352 2277 72 22 MAN,
2440 2268 71 41 froca
2524 2277 17 17 a
2552 2267 223 27 cruize.—Sailed
2787 2264 51 28 this
2850 2267 63 33 day,
2931 2265 46 27 the
2991 2265 99 26 Nov,-

2352 2313 90 19 PENCE
2454 2303 74 26 hired
2541 2308 94 25 cutter,
2649 2301 89 27 Lieut.
2750 2301 112 32 COWAN,
2874 2309 35 18 on
2917 2310 17 17 a
2943 2301 99 33 cruize,
3051 2301 43 26 off

2352 2340 45 26 the
2409 2337 87 28 North
2511 2337 141 27 Foreland.

2524 2415 148 25 MALAGA,
2685 2413 178 24 NOVEMBER
2874 2419 34 21 30.

2388 2450 60 28 The
2469 2451 110 40 Engin
2598 2451 67 26 have
2688 2450 80 26 made
2789 2458 15 18 a
2816 2458 58 18 new
2887 2454 113 30 attempt
3019 2456 35 19 on
3073 2457 18 19 a

2353 2486 77 28 veffel
2448 2487 27 25 in
2486 2486 53 27 this
2552 2486 124 28 harbour,
2695 2484 86 26 which
2800 2484 47 26 has
2865 2481 54 28 had
2939 2493 15 17 a
2967 2484 123 26 different

2354 2522 80 27 refult
2445 2522 71 26 from
2530 2519 44 28 the
2587 2518 98 27 former
2698 2524 123 28 attempt.
2856 2517 50 26 An
2923 2517 107 35 Englifh
3045 2516 46 27 fri.

2354 2563 64 30 gate
2430 2555 56 27 had
2497 2556 66 26 been
2580 2554 120 35 cruising
2712 2552 44 27 off
2772 2552 51 26 this
2844 2551 76 35 place
2939 2551 41 27 for
2991 2551 102 27 feveral

2354 2593 76 33 days,
2448 2589 181 37 approaching
2640 2588 28 27 fo
2680 2597 74 21 near,
2766 2594 28 20 at
2803 2588 86 30 times,
2907 2595 30 19 as
2948 2594 28 19 to
2989 2587 103 27 receive

2354 2627 45 26 the
2412 2627 47 26 fire
2480 2624 33 26 of
2529 2634 51 17 our
2591 2623 130 26 batteries.
2759 2621 43 27 On
2818 2621 44 26 the
2877 2620 63 35 3otb
2956 2620 47 32 ult,
3022 2621 71 26 after

2354 2662 80 34 being
2447 2660 26 26 in
2491 2660 70 33 fight
2580 2659 34 26 all
2634 2659 63 33 Jay,
2715 2656 40 27 the
2770 2657 71 27 ftcod
2854 2655 43 27 off
2909 2656 118 26 towards
3045 2655 58 27 the'

2354 2696 122 34 evening.
2510 2693 14 27 -
2524 2693 44 27 But
2577 2693 81 26 about
2670 2701 51 17 one
2735 2694 66 24 next
2809 2692 135 34 morning,
2961 2689 43 27 the
3018 2691 74 26 flood

2354 2731 69 27 clofe
2443 2731 27 26 in
2491 2735 30 21 to
2539 2728 44 27 the
2603 2728 74 30 road,
2698 2727 53 26 and
2766 2725 63 27 with
2848 2725 46 27 the
2915 2725 131 27 Alliance
3063 2725 34 26 of

2354 2767 72 25 fome
2439 2764 115 27 Swedith
2565 2761 87 28 Areas
2670 2763 76 34 lying
2758 2769 27 19 at
2797 2760 110 30 anchor,
2926 2761 53 25 fent
2995 2760 27 26 in
3030 2759 64 27 four

2354 2800 94 27 armed
2469 2800 86 28 boats,
2574 2797 61 27 with
2656 2797 92 26 orders
2767 2803 27 20 to
2812 2803 46 33 get
2876 2794 133 34 poltellion
3027 2793 34 28 of
3076 2803 18 19 a

2356 2835 99 27 French
2470 2833 104 35 galliot,
2581 2831 86 27 which
2676 2841 54 17 was
2743 2830 111 27 likewife
2862 2830 133 26 anchored
3005 2829 85 27 there.

2354 2870 61 26 The
2437 2868 61 27 four
2519 2869 78 25 boats
2614 2867 103 34 filcntly
2738 2864 168 37 approached
2929 2864 44 27 the
2988 2863 104 27 French

2356 2904 73 27 veffel
2441 2914 8 21 ;
2469 2906 47 24 but
2530 2903 44 26 the
2587 2911 67 17 crew
2665 2901 34 27 of
2713 2901 45 26 the
2779 2901 78 26 latter
2871 2901 80 33 being
2966 2907 35 19 on
3024 2898 71 27 their

2354 2940 98 35 guard,
2461 2939 119 27 received
2589 2936 72 27 them
2672 2935 65 27 with
2750 2935 26 26 lb
2789 2943 81 18 warm
2888 2944 18 15 a
2917 2934 137 35 difcharge
3065 2933 37 27 of

2357 2973 144 34 mufketry,
2520 2973 59 26 that
2590 2972 72 27 three
2674 2970 33 27 of
2717 2970 45 27 the
2773 2972 74 25 boats
2861 2979 67 17 were
2942 2968 152 34 compelled

2356 3017 28 19 to
2394 3008 70 26 theer
2473 3007 46 27 off.
2532 3007 60 27 The
2604 3005 99 32 fourth,
2713 3005 87 26 which
2810 3005 103 26 carried
2926 3012 32 19 20
2967 3012 61 18 men
3038 3004 56 26 and

2355 3044 45 26 the
2412 3044 90 26 officer
2515 3043 60 26 who
2587 3041 146 26 conducted
2745 3040 44 26 the
2802 3040 156 33 enterprize,
2970 3038 124 34 perfilled

2356 3080 26 25 in
2391 3078 163 35 attempting
2564 3084 28 19 to
2602 3077 97 30 board;
2717 3077 50 26 but
2776 3084 15 18 a
2800 3073 80 41 tingle
2893 3073 86 34 volley
2992 3073 104 35 having

2357 3113 79 26 killed
2454 3115 30 25 18
2497 3112 33 27 of
2537 3111 44 27 the
2590 3119 77 22 crew,
2687 3111 44 25 the
2744 3110 149 32 remaining
2902 3116 53 19 two
2970 3107 125 34 inflantly

2356 3149 107 26 effeEled
2477 3148 70 26 their
2557 3146 98 33 cfcape.
2692 3145 61 26 One
2764 3143 44 27 -of
2822 3144 45 26 the
2876 3142 14 37 -
2890 3142 100 37 Englith
3004 3142 92 26 tailors

2356 3193 56 17 was
2421 3182 80 26 taken
2513 3188 47 20 out
2574 3181 32 26 of
2613 3181 44 26 the
2669 3187 93 25 water,
2780 3180 53 27 and
2844 3178 105 27 carried
2961 3187 35 17 on
3009 3177 87 33 board

2356 3219 46 27 the
2414 3216 103 31 French
2528 3216 141 35 privateer.

2559 3286 87 22 FROM
2661 3285 130 22 LLOYD'S
2805 3283 74 21 LIST.

2839 3319 84 24 DRILL,
2941 3318 63 20 DIC.
3017 3318 44 27 3t.

2398 3350 87 27 Sailed
2498 3348 117 37 through
2626 3348 44 27 the
2683 3348 111 28 Downs,
2807 3346 44 27 the
2865 3346 86 26 Pits,
2957 3354 91 17 AAAAA
3053 3354 46 22 CE,

2360 3400 71 6 ---
2443 3397 7 6 •
2477 3386 54 25 and
2554 3384 202 31 EIPLILIMENT,
2774 3383 118 30 WHITS,
2909 3380 44 27 for
2974 3380 128 28 India.--

2361 3422 32 25 W
2398 3405 52 41 iud
2457 3420 34 26 N.

2750 3459 177 21 GRAVESEND,
2946 3458 64 18 DEC.
3021 3457 44 25 3t.

2396 3488 92 28 Patted
2507 3489 46 34 by,
2571 3488 45 26 the
2635 3487 118 31 Levant,
2771 3487 135 28 DRYDEN,
2922 3484 72 28 from
3015 3482 67 30 Ham-

2360 3523 235 38 borg_h.—Sailed,
2613 3522 44 27 the
2673 3523 102 25 Robert
2787 3521 52 26 and
2854 3520 96 32 Sarah,
2967 3520 137 31 CARMAN,

2359 3560 45 26 for
2422 3559 98 27 Litbon
2530 3569 8 21 ;
2558 3559 207 30 BRIDGWATER,
2789 3556 94 27 LAILII.
2891 3566 8 21 j
2928 3555 54 27 and
3002 3554 100 28 MALA.

2362 3602 65 22 BAK,
2446 3594 94 31 KENT,
2558 3592 43 28 for
2613 3592 86 27 India.

3161 22 32 25 ~~

2398 3663 60 27 The
2470 3663 139 35 following
2623 3663 20 26 is
2655 3663 46 27 the
2720 3659 126 35 Monthly
2857 3660 151 27 Statement
3019 3658 34 27 of
3061 3658 46 27 the

2363 3697 94 27 Brititk
2470 3698 90 26 Naval
2574 3698 91 31 Force,
2683 3697 132 26 cxclufive
2828 3696 33 27 of
2869 3696 45 26 the
2928 3696 76 26 hircd
3012 3694 97 27 armed

2363 3733 98 30 veffels,
2480 3732 87 27 which
2590 3742 43 17 arc
2652 3731 98 34 chiefly
2763 3730 143 35 employed
2917 3730 27 26 in
2957 3731 151 34 ptotefting

2361 3768 47 26 the
2417 3768 118 33 coafling
2548 3768 76 26 trade
2635 3768 33 26 of
2674 3768 89 26 Great
2776 3767 100 26 Britain
2887 3775 6 17 :

2796 3800 57 20 Line.
2867 3798 35 26 sci
2906 3807 7 12 t
2926 3797 48 31 14.
2983 3797 45 30 Sp.
3064 3798 50 21 To.

2363 3830 24 20 tn
2398 3834 48 22 port
2456 3828 43 22 and
2509 3828 71 26 fitting
2653 3837 12 7 -
2752 3837 11 6 -
2819 3833 27 20 27
2893 3833 12 19 7
2935 3828 30 24 0
2993 3826 14 27 9
3007 3826 14 27 8
3069 3826 14 27 1
3083 3826 14 27 7
3097 3826 14 27 8

2363 3857 77 21 Guard
2446 3859 56 26 Chips
2559 3867 11 6 -
2751 3866 12 6 -
2833 3860 14 20 4
2891 3860 22 21 0
2953 3860 9 14 1
3008 3860 15 14 0

2365 3886 24 21 In
2398 3887 38 20 the
2444 3886 85 26 Engliih
2539 3886 43 20 and
2591 3883 48 21 kith
2653 3883 111 21 Channels
2819 3888 28 22 33
2895 3887 11 17 1
2939 3882 8 20 2
2947 3882 8 20 1
2955 3882 9 20 .
2994 3888 26 20 45
3070 3888 41 22 !OS

2365 3915 25 26 ip
2398 3914 39 21 the
2445 3914 84 21 Downs
2538 3913 43 21 and
2591 3913 71 20 North
2672 3913 51 19 Seas
2835 3918 14 21 9
2895 3917 11 14 1
2939 3917 26 20 17
2995 3912 28 26 36
3083 3912 28 26 63

2365 3941 33 22 At
2406 3943 37 21 the
2452 3941 61 22 Weft
2524 3943 60 21 India
2593 3941 83 25 Wands,
2681 3940 44 21 and
2734 3945 28 17 on

2394 3971 37 21 the
2438 3970 86 27 Patine

2366 4000 32 20 At

2366 4029 24 19 In
2561 4009 11 6 -

2511 4025 43 22 and

2836 3973 9 17 1
2893 3971 15 18 0
2939 3971 25 17 21
2995 3971 28 20 24

2754 4006 9 6 -
2835 4003 13 20 3
2896 4002 9 14 1
2939 4000 27 15 22
2998 4000 26 15 12

2654 4025 86 21 Lindland
2835 4029 15 18 a
2893 4029 17 15 0
2952 4029 15 20 4
3011 4029 13 20 5

2662 4048 8 1 _
2686 4048 7 1 _

2366 4055 59 28 Cape
2434 4056 26 20 of
2467 4055 65 21 Good
2543 4055 70 26 Hope,
2627 4055 50 20 EaR
2686 4055 80 22 Indies,

2395 4083 43 22 and
2447 4090 28 14 on
2484 4084 38 20 the
2535 4081 85 30 PaCge

2367 4113 65 21 Coal
2443 4114 25 20 of
2474 4113 77 20 Africa
2590 4121 9 6 -
2656 4122 9 5 -

2367 4141 65 21 Coaft
2441 4141 26 19 of
2476 4140 109 26 Portugal,
2593 4140 117 24 Gibraltar,
2724 4139 44 21 and

2398 4168 177 22 Mediterranean

2369 4198 98 27 Hofpital
2476 4198 44 20 and
2529 4198 72 20 Prifon
2616 4196 32 26 011
2648 4196 21 26 pa

2754 4091 11 7 -
2823 4085 28 17 so
2896 4078 13 22 8
2940 4085 28 17 so
2998 4078 8 28 z
3015 4078 8 28 9

2836 4115 15 15 0
2895 4114 15 15 o
2956 4114 9 15 1
3013 4114 12 20 3

2757 4176 11 7 -
2826 4163 17 28 z
2861 4163 17 28 6
2895 4163 17 28 i
2939 4169 31 22 53
2998 4163 28 22 23

2758 4205 9 7 -
2826 4193 27 22 16
2900 4199 9 15 i
2957 4199 11 15 z
3012 4199 15 14 o

2479 4253 67 21 Total
2555 4253 22 20 in
2587 4252 141 22 Connnifion
2757 4261 11 7 -
2812 4257 40 20 12.3
2884 4256 26 15 at
2929 4256 41 15 211
2987 4256 11 14 2
3004 4256 25 20 70

2372 4310 116 26 Receiving
2497 4310 56 26 Slips
2759 4317 11 6 -
2841 4313 14 22 9
2901 4312 12 17 I
2959 4311 13 20 7
3015 4307 15 19 0

2372 4339 139 22 Serviceable,
2519 4338 41 20 and
2571 4338 104 26 repairing
2685 4337 34 20 for
2730 4336 41 21 ler-

2401 4368 47 20 vice
2516 4377 11 5 -
2596 4376 9 6 -
2662 4375 11 7 -
2761 4375 9 6 -
2843 4368 13 18 4
2900 4368 17 15 o
2961 4368 11 15 t
3017 4368 15 14 o

2373 4395 25 21 to
2406 4394 110 27 Ordinary
2595 4404 11 7 -
2662 4404 11 6 -
2761 4402 9 6 -
2828 4398 28 19 14
2902 4396 13 21 3
2946 4396 14 27 1
2960 4396 14 27 1
3004 4397 27 18 44

2374 4423 100 27 isilding
2529 4434 9 5 -
2596 4434 9 5 -
2662 4431 12 7 -
2763 4431 8 5 -
2830 4426 25 19 17
2902 4423 14 17 2
2961 4423 13 17 5
3018 4424 15 14 0

2765 4487 9 6 -
2818 4482 38 20 195
2890 4480 26 21 17
2933 4480 40 21 131
2992 4481 14 21 3
3006 4481 14 21 1
3020 4481 15 21 4

2469 4513 79 15 STATE
2564 4512 30 17 •►
2611 4512 47 15 TUX
2675 4511 128 17 01111XART
2819 4511 34 15 AT
2871 4509 65 15 LAC■
2954 4509 70 15 PIOT.

2379 4531 141 26 POWWO'
2833 4538 30 17 11
2908 4538 13 17 $
2953 4538 25 17 II
3012 4538 13 21 1
3025 4538 14 21 4

2379 4564 119 27 Plymouth
2557 4574 9 6 -
2765 4571 11 7 -
2836 4566 27 22 tu
2909 4566 14 17 s
2954 4566 28 17 t•
3013 4566 25 22 13

2970 4590 8 1 _

2378 4592 111 22 Cliatharn
2702 4602 11 7 .
2770 4599 12 7 .
2839 4592 27 24 si
2907 4593 18 17 0

2378 4620 125 21 Sheen:m.4i
2562 4630 11 7 -
2686 4629 12 7 -
2769 4628 12 8 -
2822 4619 4 24 '
2854 4623 8 15 I
2910 4622 15 15 •
2969 4623 15 19 4
3028 4623 12 20 7

2506 4651 360 17 --•
2909 4650 17 17 0
2969 4650 13 21 5
3027 4645 14 21 6

2558 4703 65 24 T4Ol
2757 4714 12 6 -
2837 4707 30 25 55
2913 4708 13 21 4
2972 4707 26 25 3t
3014 4708 28 22 44
